@incollection{seg,
author={S[ergey] Fomel},
year={2001},
title={Seismic data interpolation and noise attenuation with plane-wave
                      destructor filters},
booktitle={71st Annual Internat. Mtg., Soc. Expl. Geophys., 
Expanded Abstracts},
publisher={Society Of Exploration Geophysicists},
pages={1985-1988},
keywords={faults, filtering, interpretation, optimization, three dimensional}}

@Article{self,
  author = 	 {S[ergey] Fomel},
  title = 	 {Applications of plane-wave destruction filters},
  journal = 	 {Geophysics, accepted for publication},
  year = 	 2002,
}

@Article{steer0,
  author = 	 {W[illiam] T. Freeman and E[dward] H. Adelson},
  title = 	 {The Design and Use of Steerable Filters},
  journal = 	 {IEEE Trans. on Pattern Analysis and Machine Intelligence},
  year = 	 1991,
  volume =	 1,
  number =	 9,
  pages =	 {891-906}
}

@Article{steer,
  author = 	 {E[] P[] Simoncelli and H[] Farid},
  title = 	 {Steerable Wedge Filters for Local Orientation Analysis},
  journal = 	 {IEEE Trans. on Image Processing},
  year = 	 1996,
  volume =	 5,
  number =	 9,
  pages =	 {1377-1382}
}

@Article{symes,
  author = 	 {W[] W[] Symes},
  title = 	 {The plane wave detection problem},
  journal = 	 {Inverse Problems},
  year = 	 1994,
  volume =	 10,
  pages =	 {1361-1391}
}

@Article{kim,
  author = 	 {S[] Kim and W[] W[] Symes},
  title = 	 {Smooth detectors of linear phase},
  journal = 	 {Inverse Problems},
  year = 	 1998,
  volume =	 14,
  pages =	 {101-112}
}

@Article{fandc,
  author = 	 {S[ergey] Fomel and J[on] F[] Claerbout},
  title = 	 {Multidimensional recursive filter preconditioning 
  in geophysical estimation problems},
  journal = 	 {Geophysics, accepted for publication},
  year = 	 2002
}

@incollection{schwabSEG,
author={M[] Schwab and J[] Claerbout and C[] Holden},
year={1996},
title={Revealing geological discontinuities by plane reflector suppression},
booktitle={66th Annual Internat. Mtg., Soc. Expl. Geophys., 
Expanded Abstracts},
publisher={Society Of Exploration Geophysicists},
pages={302-305},
keywords={faults, filtering, interpretation, optimization, three dimensional}}

@Book{yilmaz,
  author = 	 {O[] Yilmaz and D[] Cumro},
  title = 	 {Worldwide Assortment of Field Seismic Records, released by {Western Geophysical Company of America}},
  publisher = 	 {Houston},
  year = 	 1983
}

@incollection{morganSEG,
	 author = { M[organ] Brown and  R[obert] Clapp},
	 booktitle = {70th Annual Internat. Mtg., Soc. Expl. Geophys., Expanded Abstracts},
	 pages = {2103-2106},
	 publisher = {Soc. Expl. Geophys.},
	 title = {{T-X} domain, pattern-based ground-roll removal},
	 year = {2000}
	}
	
@Book{tomo,
  title = 	 {Seismic tomography: with applications in global seismology and exploration geophysics},
  publisher = 	 {D. Reidel},
  year = 	 1987,
  editor =	 {G[uust] Nolet}
}

@book{Claerbout.blackwell.92,
   author = {J[on] F[] Claerbout},
   publisher = {Blackwell Scientific Publications},
   title = {{Earth Soundings Analysis: Processing Versus Inversion}},
   year = {1992}
}

@Book{gee,
  author =       {J[on] Claerbout},
  title =        {{G}eophysical estimation by example: {E}nvironmental soundin
gs image enhancement},
  publisher =    {Stanford Exploration Project},
  year =         {1999},
  address =      {http://sepwww.stanford.edu/sep/prof/}
}

