@InProceedings{myDMO,
  author ={A[lexey] M[ihailovich] Stovas and S[ergey] B[orisovich] Fomel},
  title = {Kinematically equivalent {DMO} operators},
  year = 	 {1993}, 
  number = 	 {13},
  meeting = 	 {Russian-Norwegian Oil Exploration Workshop III},
  address = 	 {Lake Baikal},
  howpublished = {talk}
}

@Article{black,
  author = {J[ames] L. Black and K[arl] L. Schleicher and L[in] Zhang},
  title = {True-amplitude imaging and dip moveout},
  journal = {Geophysics},
  year = {1993},
  volume = {58},
  number = {1},
  pages = {47-66}
}

@article{Hale,
	author={ Dave Hale},
	title={{Dip-moveout by {F}ourier transform}},
	year={1984},
	journal={Geophysics},
	volume={49},
	number={6},
	pages={741-757}
}

@incollection{anat,
  author={A[nat] J[] Canning and G[erald] H[] F[] Gardner },
  title={Feathering Correction for {3-D} Marine Data},
  year=1992,
  booktitle={62nd Annual Internat. Mtg., Soc. Expl. Geophys., Expanded
		  Abstracts},
  publisher={Soc. Expl. Geophys.},
  pages={955-957},
  address={New {O}rleans},
  keywords={dmo, 3-D, prestack}
        }

@Article{me,
  author = {S[ergey] B[orisovich] Fomel},
  title = {Kinematically equivalent differential operator for offset
		  continuation of seismic sections},
  journal = {Russian Geology and Geophysics},
  year = {1994},
  volume = {35},
  number = {9},
  pages = {146-160}
}
