
@Article{Anstey_D02a,
  author =	 {Nigel A[] Anstey and R[] F[] O'Doherty},
  title = 	 {Cycles, layers, and reflections: part 1},
  journal = 	 {The Leading Edge},
  year = 	 {2002},
  volume =       {21},
  pages =        {44-51}
}

@Article{Anstey_D02b,
  author =	 {Nigel A[] Anstey and R[] F[] O'Doherty},
  title = 	 {Cycles, layers, and reflections: part 2},
  journal = 	 {The Leading Edge},
  year = 	 {2002},
  volume =       {21},
  pages =        {152-158}
}

@Article{Backus_62,
  author =	 {George E[] Backus},
  title = 	 {Long-wave elastic anisotropy produced by horizontal layering},
  journal = 	 {Journal of Geophysical Research},
  year = 	 {1962},
  volume =       {67},
  pages =        {4427-4440}
}

@Article{Banik_LS85,
  author =       {N[] C[] Banik and I[] Lerche and R[] T[] Shuey},
  title = 	 {Stratigraphic filtering, part {I}: derivation of the {O}'{D}oherty-{A}nstey formula},
  journal = 	 {Geophysics},
  year = 	 {1985},
  volume =       {50},
  pages =        {2768-2774}
}

@Article{Bayuk_AC08,
  author =	 {Irina O[] Bayuk and Mike Ammerman and E[] M[] Chesnokov},
  title = 	 {Upscaling of elastic properties of anisotropic sedimentary rocks},
  journal = 	 {Geophysical Journal International},
  year = 	 {2008},
  volume =       {172},
  pages =        {842-860}
}

@Book{Bleistein_CS01,
  author =	 {N[] Bleistein and J[] K[] Cohen and J[] W[] Stockwell},
  title = 	 {Mathematics of multidimensional seismic imaging, migration, and inversion},
  publisher = 	 {Springer},
  year = 	 {2001},
  series =       {Interdisciplinary applied mathematics}
}

@Book{Born_W64,
  author =	 {Max Born and Emil Wolf},
  title = 	 {Principles of optics: electromagnetic, theory of propagation, interference and diffraction of light},
  publisher = 	 {Pergamon Press},
  year = 	 {1964},
  address =      {New-York}
}

@Article{Bulant_K08,
  author =       {P[] Bulant and L[] Klime\u{s}},
  title = 	 {Comparison of {VSP} and sonic-log data in nonvertical wells in a heterogeneous structure},
  journal = 	 {Geophysics},
  year = 	 {2008},
  volume =       {73},
  pages =        {U19-U25}
}

@Article{Klimes_02,
  author =       {L[] Klime\u{s}},
  title = 	 {Correlation functions of random media},
  journal = 	 {Pure and Applied Geophysics},
  year = 	 {2002},
  volume =       {159},
  pages =        {1811 -1831}
}

@Book{Chernov_60,
  author =	 {L[] A[] Chernov},
  title = 	 {Wave propagation in a random medium},
  publisher = 	 {McGraw-Hill},
  year = 	 {1960},
  address =      {New-York}
}

@Article{Chesnokov_KK98,
  author =       {E[] M[] Chesnokov and Y[] A[] Kukharenko and P[] Y[] Kukharenko},
  title = 	 {Frequency dependence of physical parameters of microinhomogeneous media, space statistics},
  journal = 	 {Revue de l'{I}nstitut {F}ran\c{c}ais du {P}\'etrole},
  year = 	 {1998},
  volume =       {53},
  pages =        {729-734}
}

@Book{Denis_S83,
  author =	 {J[] E[] Dennis and Robert B[] Schnabel},
  title = 	 {Numerical methods for unconstrained optimization and nonlinear equations},
  publisher = 	 {SIAM},
  year = 	 {1996},
  series =       {Classics in applied mathematics}
}

@Article{Dolan_BR98,
  author =       {Sean S[] Dolan and C[] J[] Bean and Bruno Riollet},
  title = 	 {The broad-band fractal nature of heterogeneity in the upper crust from petrophysical logs},
  journal = 	 {Geophysical Journal International},
  year = 	 {1998},
  volume =       {132},
  pages =        {489-507}
}

@Article{Frankel_C86,
  author =	 {A[] Frankel and R[ob] W[] Clayton},
  title = 	 {Finite difference simulations of seismic scattering: implications for the propagation
                  of short period seismic waves in the crust and models of crustal heterogeneity},
  journal = 	 {Journal of Geophysical Research},
  year = 	 {1986},
  volume =       {91},
  pages =        {6465-6489}
}

@Conference{Gist_94,
  author =	 {G[rant] A[] Gist},
  title = 	 {Seismic attenuation from {3-D} heterogeneities: a possible resolution of the {VSP} attenuation paradox},
  booktitle =    {64th Annual International Meeting, SEG, Expanded Abstracts},
  year = 	 {1994},
  organization = {Society of Exploration Geophysicists},
  pages =        {1042-1045}
}

@Article{Goff_J88,
  author =	 {J[ohn] A[] Goff and T[] H[] Jordan},
  title = 	 {Stochastic modeling of seafloor morphology: inversion of sea beam data for second-order statistics},
  journal = 	 {Journal of Geophysical Research},
  year = 	 {1988},
  volume =       {93},
  pages =        {13,589-13,608}
}

@Book{Goff_H03,
  author =	 {John A[] Goff and Klaus Holliger},
  title = 	 {Heterogeneity in the crust and upper mantle: nature, scaling, and seismic properties},
  editor =       {J. A. Goff and K. Holliger},
  publisher = 	 {Kluwer Academic/Plenum Publishers},
  year = 	 {2003}
}

@Article{Golub_P73,
  author =       {G[] H[] Golub and V[] Pereira},
  title = 	 {The differentiation of pseudo-inverse and nonlinear least squares problems whose variables separate},
  journal = 	 {SIAM Journal of Numerical Analysis},
  year = 	 {1973},
  volume =       {10},
  pages =        {413-432}
}

@Article{Haney_WS05,
  author =       {M[] M[] Haney and K[] van Wijk and Roel Snieder},
  title = 	 {Radiative transfer in layered media and its connection to the {O}'{D}oherty-{A}nstey formula},
  journal = 	 {Geophysics},
  year = 	 {2005},
  volume =       {70},
  number =       {1},
  pages =        {no. 1, T1-T11}
}

@Conference{Hewett_86,
  author =	 {T[] A[] Hewett},
  title = 	 {Fractal distributions of reservoir heterogeneity and their influence on fluid transport},
  booktitle =    {Presented at the 61st Technical Conference, Society of Petroleum Engineering},
  year = 	 {1986},
  organization = {Society of Petroleum Engineering},
  pages =        {SPE 15386}
}

@Article{Holliger_L92,
  author =       {K[] Holliger and Alan R[] Levander},
  title =        {A stochastic view of lower crustal fabric based on evidence from the {I}vrea Zone},
  journal =      {Geophysical Research Letters},
  year =         {1992},
  volume =       {19},
  pages =        {1153-1156}
}

@Article{Hurst_51,
  author =	 {H[] E[] Hurst},
  title = 	 {Long-term storage capacity of reservoirs},
  journal = 	 {Transaction of American Society of Civil Engineering},
  year = 	 {1951},
  volume =       {116},
  pages =        {770-808}
}

@Book{Kanaun_L08,
  author =	 {S[] K[] Kanaun and V[] Levin},
  title = 	 {Self-consistent methods for composites, vol.2: wave propagation in heterogeneous materials},
  publisher = 	 {Springer-Verlag},
  year = 	 {2008}
}

@Article{Karal_K64,
  author =	 {F[] C[] Karal and J[] B[] Keller},
  title = 	 {{E}lastic, electromagnetic, and other waves in a random medium},
  journal = 	 {Journal of Mathematical Physics},
  year = 	 {1964},
  volume =       {5},
  pages =        {537-547}
}

@Article{Klimes_02,
  author =       {L[] Klime\u{s}},
  title = 	 {Correlation functions of random media},
  journal = 	 {Pure and Applied Geophysics},
  year = 	 {2002},
  volume =       {159},
  pages =        {1811-1831}
}

@Conference{Lancaster_W00,
  author =	 {Steve Lancaster and David Whitcombe},
  title = 	 {Fast-track `coloured' inversion},
  booktitle =    {60th Annual International Meeting, SEG, Expanded Abstracts},
  year = 	 {2000},
  organization = {Society of Exploration Geophysicists},
  pages =        {1572-1575}
}

@Article{Legonidec_G07,
  author =       {Yves Le{~G}onidec and Dominique Gibert},
  title = 	 {Multiscale analysis of waves reflected by granular media: acoustic experiments on glass beads and effective medium theories},
  journal = 	 {Journal of Geophysical Research},
  year = 	 {2007},
  volume =       {112},
  pages =        {}
} 

@Article{Lerche_86,
  author =       {I[] Lerche},
  title = 	 {Stratigraphic filter theory: combined effects of parallel bedding and random inhomogeneities},
  journal = 	 {Geophysics},
  year = 	 {1986},
  volume =       {51},
  pages =        {1531-1537}
}

@Article{Li_03,
  author =	 {Chun Fen Li},
  title = 	 {Rescaled-range and power spectrum analyses on well-logging data},
  journal = 	 {Geophysical Journal International},
  year = 	 {2003},
  volume =       {153},
  pages =        {201-212}
}

@Article{Lord_54,
  author =	 {R[] D[] Lord},
  title = 	 {The use of the {H}ankel transform in statistics {I.} {G}eneral theory and examples},
  journal = 	 {Biometrika},
  year = 	 {1954},
  volume =       {41},
  pages =        {44-55}
}

@Article{Lu_MFC02,
  author =	 {S[] Lu and F[] J[] Molz and G[] E[] Fogg and J[] W[] Castle},
  title = 	 {Combining stochastic facies and fractal models for representing natural heterogeneity},
  journal = 	 {Hydrogeology Journal},
  year = 	 {2002},
  volume =       {10},
  pages =        {475-482}
}

@Book{Mandelbrot_83, 
  author =       {B[] B[] Mandelbrot},
  title =        {The fractal geometry of nature},
  publisher =    {W. H. Freeman and Co.},
  year =         {1983},
}

@Article{Mandelbrot_W69,
  author =	 {B[] B[] Mandelbrot and J[] R[] Wallis},
  title = 	 {Some long-run properties of geophysical records},
  journal = 	 {Water Resources Research},
  year = 	 {1969},
  volume =       {5},
  pages =        {321-340}
}

@Incollection{Marsan_B03,
  author =	 {David Marsan and C[] J[] Bean},
  title = 	 {Multifractal modeling and analyses of crustal heterogeneity},
  booktitle =    {Heterogeneity in the crust and upper mantle: nature, scaling, and seismic properties},
  publisher = 	 {Kluwer Academic/Plenum Publishers},
  year = 	 {2003},
  editor =       {J. A. Goff and K. Holliger},
  pages =        {207-236}
}

@Article{Mishchenko_08,
  author =	 {M[] I][ Mishchenko},
  title = 	 {Multiple scattering, radiative transfer, and weak localization in discrete random media: {U}nified microphysical approach},
  journal = 	 {Review of Geophysics},
  year = 	 {2008},
  volume =       {46},
  pages =        {RG2003}
}

@Article{Morlet_AFG82,
  author =	 {J[] Morlet and G[] Arens and E[] Fourgeau and D[] Giard},
  title = 	 {Wave propagation and sampling theory - part {I}: complex signal and scattering in multilayered media}, 
  journal = 	 {Geophysics},
  year = 	 {1982},
  volume =       {47},
  pages =        {203-221}
}

@Article{Muller_S01,
  author =	 {Tobias M[] M\"{u}ller and Serge A[] Shapiro},
  title = 	 {Most probable seismic pulses in single realizations of two- and three-dimensional random media},
  journal = 	 {Geophysical Journal International},
  year = 	 {2001},
  volume =       {144},
  pages =        {83-95}
}

@Article{Odoherty_A71,
  author =	 {R[] F[] O'Doherty and N[] A[] Anstey},
  title = 	 {Reflections on amplitudes}, 
  journal = 	 {Geophysical Prospecting},
  year = 	 {1971},
  volume =       {19},
  pages =        {430-458}
}

@Article{Painter_P94,
  author =	 {Scott Painter and L[] Paterson},
  title = 	 {Fractional {L}\'evy motion as a model for spatial variability in sedimentary rocks},
  journal = 	 {Geophysical Research Letters},
  year = 	 {1994},
  volume =       {21},
  pages =        {2857-2860}
}

@Article{Poppeliers_07,
  author =	 {C[] Poppeliers},
  title = 	 {Estimating vertical stochastic scale parameters from seismic reflection data:
                  deconvolution with non-white reflectivity},
  journal = 	 {Geophysical Journal International},
  year = 	 {2007},
  volume =       {168},
  pages =        {769-778}
}

@Article{Resnick_90,
  author =	 {J[] R[] Resnick},
  title = 	 {Stratigraphic filtering},
  journal = 	 {Pure and Applied Geophysics},
  year = 	 {1990},
  volume =       {132},
  pages =        {49-65}
}

@Article{Rivera_RJCA04,
  author =	 {Nestor A[] Rivera and S[] Ray and J[] L[] Jensen and A[] K[] Chan and W[] B[] Ayers},
  title = 	 {Detection of cyclic patterns using the wavelets: an example study in the {O}rmskirk
  sandstone, {I}rish sea},
  journal = 	 {Mathematical Geology},
  year = 	 {2004},
  volume =       {36},
  pages =        {529-543}
}

@Book{Rytov_KT89,
  author =	 {S[] M[] Rytov and Y[] A[] Kravtsov and V[] I[] Tatarski},
  title = 	 {Wave propagation through random media},
  publisher = 	 {Springer-Verlag},
  year = 	 {1989},
  address =      {Berlin},
  series =       {Principles of statistical radio physics}
}

@Book{Sato_F98,
  author =	 {H[] Sato and M[] Fehler},
  title = 	 {Seismic wave propagation and scattering in the heterogeneous {E}arth},
  publisher = 	 {Springer-Verlag},
  year = 	 {1998},
  address =      {New-York}
}

@Article{Scales_93,
  author =       {J[] A[] Scales},
  title = 	 {On the use of localization theory to characterize elastic wave propagation in randomly stratified 1-{D} media},
  journal = 	 {Geophysics},
  year = 	 {1993},
  volume =       {58},
  pages =        {177-179}
}

@Article{Schottky_26,
  author =       {Walter Schottky},
  title = 	 {Small-shot effect and {F}licker effect},
  journal = 	 {Physical Reviews},
  year = 	 {1926},
  volume =       {28},
  pages =        {74-104}
}

@Article{Shapiro_Z93,
  author =       {S[] A[] Shapiro and H[] Zien},
  title = 	 {The {O}'{D}oherty-{A}nstey formula and localization of seismic waves},
  journal = 	 {Geophysics},
  year = 	 {1993},
  volume =       {58},
  pages =        {736-740}
}

@Book{Shapiro_H99,
  author =	 {S[] A[] Shapiro and P[] Hubral},
  title = 	 {Elastic waves in random media},
  publisher = 	 {Springer-Verlag},
  year = 	 {1999},
  address =      {Berlin}
}

@Article{Sheng_WZP86,
  author =       {P[] Sheng and B[] White and Z[] Q[] Zhang and G[] Papanicolaou},
  title = 	 {Multiple scattering noise in one dimension: universality through localization length scaling},
  journal = 	 {Physical Review Letters},
  year = 	 {1986},
  volume =       {57},
  pages =        {1000-1003}
}

@Article{Shiomi_SO97,
  author =       {K[] Shiomi and H[] Sato and M[] Ohtake},
  title = 	 {Broad-band power-law spectra of well log data in {J}apan},
  journal = 	 {Geophysical Journal International},
  year = 	 {1997},
  volume =       {130},
  pages =        {57-64}
}

@Conference{Shtatland_91,
  author =	 {Ernest S[] Shtatland},
  title = 	 {Fractal stochastic models for acoustic impedance: an explanation of scaling or 1/f geology and stochastic inversion},
  booktitle =    {51st Annual International Meeting, SEG, Expanded Abstracts},
  year = 	 {1991},
  organization = {Society of Exploration Geophysicists},
  pages =        {1598-1601}
}

@Conference{Stefani_G01,
  author =	 {Joe Stefani and S[] D[] Gopa},
  title = 	 {On the power-law behavior of subsurface heterogeneity},
  booktitle =    {61st Annual International Meeting, SEG, Expanded Abstracts},
  year = 	 {2001},
  organization = {Society of Exploration Geophysicists},
  pages =        {2033-2036}
}

@Book{Stein_99,
  author =	 {R[] Stein},
  title = 	 {Interpolation of spatial data: some theory for kriging},
  publisher = 	 {Springer-Verlag},
  year = 	 {1999},
  address =      {New-York},
  series =       {Springer Series in Statistics}
}

@Article{Stovas_U07,
  author =	 {A[] Stovas and B[] Ursin},
  title = 	 {Equivalent time-average and effective medium for periodic layers},
  journal = 	 {Geophysical Prospecting},
  year = 	 {2007},
  volume =       {55},
  pages =        {871-882}
}

@Book{Tatarski_61,
  author =	 {V[] I[] Tatarski},
  title = 	 {Wave propagation in a Turbulent Medium},
  publisher = 	 {McGraw-Hill},
  year = 	 {1961},
  address =      {New-York}
}

@Article{Todoeschuck_JL90,
  author =       {J[] P[] Todoeschuck and O[] G[] Jensen and S[] Labonte},
  title = 	 {Gaussian scaling noise model of seismic reflection sequences: evidence from well logs},
  journal = 	 {Geophysics},
  year = 	 {1990},
  volume =       {55},
  pages =        {480-484}
}

@Book{Turcotte_97,
  author =	 {Don L[] Turcotte},
  title = 	 {Fractals and chaos in geology and geophysics},
  publisher = 	 {Cambridge University Press},
  year = 	 {1997},
  address =      {Cambridge}
}

@Book{Uscinski_77,
  author =	 {N[] J[] Uscinski},
  title = 	 {The elements of wave propagation in random media},
  publisher = 	 {McGraw-Hill},
  year = 	 {1977}
}

@Article{Vanderbaan_01,
  author =	 {M[] van der Baan},
  title = 	 {Acoustic wave propagation in one-dimensional random media: the wave localization approach},
  journal = 	 {Geophysical Journal International},
  year = 	 {2001},
  volume =       {145},
  pages =        {631-646}
}

@Article{Vanderbaan_02,
  author =	 {M[] van der Baan},
  title = 	 {Constant {Q} and a fractal stratified {E}arth},
  journal = 	 {Pure and Applied Geophysics},
  year = 	 {2002},
  volume =       {159},
  pages =        {1707-1718}
}

@Article{Vanderbaan_WS07,
  author =	 {M[] van der Baan and James Wookey and Dirk Smit},
  title = 	 {Stratigraphic filtering and source penetration depth},
  journal = 	 {Geophysical Prospecting},
  year = 	 {2007},
  volume =       {55},
  pages =        {679-684}
}

@Book{Vesely_01,
  author =	 {Frank J[] Vesely},
  title = 	 {Computational {P}hysics, {A}n {I}ntroduction},
  publisher = 	 {Kluwer Academic Plenum},
  year = 	 {2001},
  edition =      {{S}econd}
}

@Article{Vonkarman_48,
  author =       {T[] von K\'arm\'an},
  title = 	 {Progress in the statistical theory of turbulence},
  journal = 	 {Journal of Marine Research},
  year = 	 {1948},
  volume =       {7},
  pages =        {252-264}
}

@Article{Walden_H85,
  author =       {A[] T[] Walden and J[] W[] J[] Hosken},
  title = 	 {An investigation of the spectral properties of primary reflection coefficients},
  journal = 	 {Geophysical Prospecting},
  year = 	 {1985},
  volume =       {33},
  pages =        {400-435}
}

@Article{Waterman_T61,
  author =	 {P[] C[] Waterman and Rohn Truell},
  title = 	 {Multiple scattering of waves},
  journal = 	 {Journal of Mathematical Physics},
  year = 	 {1961},
  volume =       {2},
  pages =        {512-537}
}

@Article{White_SN90,
  author =       {Benjamin White and Ping Sheng and Balan Nair},
  title = 	 {Localization and backscattering spectrum of seismic waves in stratified lithology},
  journal = 	 {Geophysics},
  year = 	 {1990},
  volume =       {55},
  pages =        {1158-1165}
}

@Article{Wu_82,
  author =	 {R[] S[] Wu},
  title = 	 {Attenuation of short period seismic waves due to scattering},
  journal = 	 {Geophysical Research Letters},
  year = 	 {1982},
  volume =       {9},
  pages =        {9-12}
}

@Article{Wu_A85,
  author =	 {R[] S[] Wu and Kei Aki},
  title = 	 {Elastic wave scattering by a random medium and the small scale inhomogeneities in the lithosphere},
  journal = 	 {Journal of Geophysical Research},
  year = 	 {1985},
  volume =       {90},
  pages =        {10261-10273}
}

@Article{Wu_88,
  author =	 {R[] S[] Wu},
  title = 	 {Discussion on:``{S}tratigraphic filter theory: combined effects of parallel bedding and random inhomogeneities," {I}. {L}erche, author},
  journal = 	 {Geophysics},
  year = 	 {1988},
  volume =       {53},
  pages =        {995-997}
}

@Conference{Wu_93,
  author =	 {Ru Shan Wu},
  title = 	 {Separation of scattering and absorption in 1-{D} random media from spatio-temporal distribution of seismic energy},
  booktitle =    {53rd Annual International Meeting, SEG, Expanded Abstracts},
  year = 	 {1993},
  organization = {Society of Exploration Geophysicists},
  pages =        {1014-1017}
}

@Article{Ziolkowski_HGJDHLL03,
  author =	 {A[] Ziolkowski and P[] Hanssen and R[] Gatliff and H[] Jakubowicz and A[] Dobson and G[] Hampson
                  and X[] Y[] Li and E[] Liu},
  title = 	 {Use of low frequencies for sub-basalt imaging},
  journal = 	 {Geophysical Prospecting},
  year = 	 {2003},
  volume =       {51},
  pages =        {169-182}
}
