@ARTICLE{bandb,
author = {J[ames] L Black and M A Brzostowski},
journal = {accepted for publication in Geophysics},
title = {Systematics of Time--Migration Errors},
year = {1993}
}
@ARTICLE{bevc.sep79,
author = {D[imitri] Bevc},
journal = {Stanford Exploration Project Report},
title={Toward estimating near surface lateral velocity variations},
volume = {79},
pages = {69--77},
year = {1993}
}
@ARTICLE{bevc.datum2,
author = {D[imitri] Bevc},
journal = {Stanford Exploration Project Report},
title={Kirchhoff wave-equation datuming with irregular acquisition topography},
volume = {75},
pages = {137--156},
year = {1992}
}
@ARTICLE{bevc.datum1,
author = {D[imitri] Bevc},
journal = {Stanford Exploration Project Report},
title = {Wave-equation extrapolation of land data with irregular acquisition topography},
volume = {73},
pages = {301--304},
year = {1992}
}
@ARTICLE{bevc.refract,
author = {D[imitri] Bevc},
journal = {Stanford Exploration Project Report},
title = {Refraction statics in mountainous terrain},
volume = {72},
pages = {177--180},
year = {1991}
}
@BOOK{yilmazbk,
author = {O[zdogan] Yilmaz},
title = {Seismic data processing},
year = {1987},
publisher = {Soc. Expl. Geophys.}
}
@BOOK{TMC.92,
author = {TMC},
title = {{CM}5 Technical Summary},
year = {1992},
publisher={Thinking Machines Corp., 245 First Street, Cambridge, MA 02142, USA.}
}
@INPROCEEDINGS{Payne.segab.92,
author={B[arton] Payne and M[ichael] Marcoux},
year={1992},
title={Rugged topography and {S-R} downward continuation},
meeting={62nd Ann. Internat. Mtg.},
booktitle={Expanded Abstracts},
publisher={Soc. Expl. Geophys.},
pages={1124--1126}
}
@INPROCEEDINGS{Symes.segab.93,
author={W[illiam] Symes and R[oelf] Versteeg},
year={1993},
title={Velocity model determination using differential semblance optimization},
meeting={63nd Ann. Internat. Mtg.},
booktitle={Expanded Abstracts},
publisher={Soc. Expl. Geophys.},
pages={696--699}
}
@INPROCEEDINGS{bevc.eaeg.94,
author={D[imitri] Bevc},
year={1994},
title={Estimating near-surface velocity variations},
meeting={Submitted for the 56th Ann. Internat. Mtg.},
booktitle={Expanded Abstracts},
publisher={European Assoc. Expl. Geophys.},
}
@INPROCEEDINGS{lumley.eaeg.94,
author={David Lumley and Jon F Claerbout and Dimitri Bevc},
year={1994},
title={Anti-aliased {K}irchhoff migration},
meeting={Submitted for the 56th Ann. Internat. Mtg.},
booktitle={Expanded Abstracts},
publisher={European Assoc. Expl. Geophys.},
}
@ARTICLE{bevc.geo.94,
author = {Dimitri Bevc and James L Black and Gopal Palacharla},
journal = {submitted for publication in Geophysics},
title = {Plumes: Response of time migration to lateral velocity variations},
year = {1993}
}
@ARTICLE{Beasley.geo57,
author = {C[raig] Beasley and W[alt] Lynn},
journal = {Geophysics},
title={The zero-velocity layer: Migration from irregular surfaces},
volume = {57},
pages = {1435--1443},
year = {1992}
}
@BOOK{menke,
author = {W[illiam] Menke},
title = {Geophysical data analysis: Discrete inverse theory},
year = {1989},
publisher = {Academic Press, Inc.}
}
@PHDTHESIS{Kjartansson.phd,
 school={Stanford University},
 author={E[inar] Kjartansson},
 title={{Attenuation of Seismic Waves in Rocks and Applications in Energy Exploration}},
 year={1979},
 volume={23},
}
@PHDTHESIS{Toldi.phd,
 school={Stanford University},
 author={J[ohn] L Toldi},
 title={{Velocity analysis without picking}},
 year={1985},
 volume={43},
}
@PHDTHESIS{Fowler.phd,
 school={Stanford University},
 author={P[aul] Fowler},
 title={{Seismic velocity estimation using prestack time migration}},
 year={1988},
 volume={58},
}
@PHDTHESIS{Biondi.phd,
 school={Stanford University},
 author={B[iondo] Biondi},
 title={{Velocity analysis using beam stack}},
 year={1990},
 volume={64},
}
@PHDTHESIS{Etgen.phd,
 school={Stanford University},
 author={J[ohn] Etgen},
 title={{Risidual prestack migration and interval velocity estimation}},
 year={1990},
 volume={68},
}
@ARTICLE{Claerbout.sep79.jon4,
author = {J[on] Claerbout},
journal = {Stanford Exploration Project Report},
title = {{Reflection tomography: Kjartansson revisited}},
volume = {79},
pages = {59--67},
year = {1993}
}
@INPROCEEDINGS{Bevc.segab.93,
author={D[imitri] Bevc},
year={1993},
title={Data-parallel wave equation datuming with irregular acquisition topography},
meeting={63nd Ann. Internat. Mtg.},
booktitle={Expanded Abstracts},
publisher={Soc. Expl. Geophys.},
pages={197--200}
}
@book{Claerbout.blackwell.85,
author = {J[on] F[] Claerbout},
publisher = {Blackwell Scientific Publications},
title = {Imaging the Earth's Interior},
year = {1985}
}

@ARTICLE{Gray.gp.92,
author = {S[am] H Gray},
year = {1992},
title = {Frequency-selective design of the {Kirchhoff} migration operator},
journal = {Geophysical Prospecting},
volume = {40},
pages = {565--571}
}
