@Article{Abma1995,
  author = 	 {R[] Abma and J[] Claerbout},
  title = 	 {Lateral prediction for noise attenuation by t-x and f-x techniques},
  journal = 	 {Geophysics},
  year = 	 1995,
  volume = 	 60,
  pages = 	 {1187-1896}
}

@Article{Aboutajdine1996,
  author = 	 {D[] AllenAboutajdine and A[] Adib and A[] Meziane},
  title = 	 {Fast adaptive algorithms for AR parameters estimation using higher order statistics},
  journal = 	 {IEEE Transactions on Signal Processing},
  year = 	 1996,
  volume = 	 44,
  pages = 	 {1998-2009}
}

@Article{Bakrim1994,
  author = 	 {M[] Bakrim and D[] Aboutajdine and M[] Najim},
  title = 	 {New cumulant-based approaches for non-Gaussian time varying AR models},
  journal = 	 {Signal Processing},
  year = 	 1994,
  volume = 	 139,
  pages = 	 {107-115}
}

@Article{Bekara2009,
  author = 	 {M[] Bekara and M[] van der Baan},
  title = 	 {Random and coherent noise attenuation by empirical mode decomposition},
  journal = 	 {Geophysics},
  year = 	 2009,
  volume = 	 74,
  pages = 	 {V89-V98}
}

@inproceedings{Canales1984,
  author =       {L[] Canales},
  year =         {1984},
  title =        {Random noise reduction},
  booktitle =    {54th Annual International Meeting},
  publisher =    {Soc. of Expl. Geophys.},
  pages =        {525-527}
}

@book{Claerbout1992,
   author =       {J[] Claerbout},
   publisher =    {Blackwell Scientific Publications},
   title =        {{Earth soundings analysis: Processing versus inversion}},
   year =         {1992}
}

@inproceedings{Crawley1999,
  author =       {S[] Crawley and J[] Claerbout and R[] Clapp},
  year =         {1999},
  title =        {Interpolation with smoothly nonstationary prediction-error filters},
  booktitle =    {69th Annual International Meeting},
  publisher =    {Soc. of Expl. Geophys.},
  pages =        {1154–1157}
}

@Article{Fomel2007,
  author = 	 {S[] Fomel},
  title = 	 {Shaping regularization in geophysical-estimation problems},
  journal = 	 {Geophysics},
  year = 	 2007,
  volume = 	 72,
  pages = 	 {R29-R36}
}

@Article{Fomel2009,
  author = 	 {S[] Fomel},
  title = 	 {Adaptive multiple subtraction using regularized nonstationary regression},
  journal = 	 {Geophysics},
  year = 	 2009,
  volume = 	 74,
  pages = 	 {V25-V33}
}

@inproceedings{Gulunay1986,
  author =       {N[] Gulunay},
  year =         {1986},
  title =        {FXDECON and complex Wiener prediction filter},
  booktitle =    {56th Annual International Meeting},
  publisher =    {Soc. of Expl. Geophys.},
  pages =        {279-281}
}

@Article{Guitton2010,
  author = 	 {A[] Guitton and J[] Claerbout},
  title = 	 {An algorithm for interpolation in the pyramid domain},
  journal = 	 {Geophysical Prospectin},
  year = 	 2010,
  volume = 	 58,
  pages = 	 {965–976}
}

@inproceedings{Hodgson2002,
  author =       {L[] Hodgson and D[] Whitcombe and S[] Lancaster and P[] Lecocq},
  year =         {2002},
  title =        {Frequency slice filtering - a novel method of seismic noise attenuation},
  booktitle =    {72nd Annual International Meeting},
  publisher =    {Soc. of Expl. Geophys.},
  pages =        {2214-2218}
}

@Article{Huang1998,
  author = 	 {N[] E[] Huang and Z[] Shen and S[] R[] Long and M[] L[] Wu and H[] H[] Shih and Q[] Zheng and N[] C[] Yen and C[] C[] Tung and H[] H[] Liu},
  title = 	 {The empirical mode decomposition and Hilbert spectrum for nonlinear and nonstationary time series analysis},
  journal = 	 {Proc. R. Soc. London A},
  year = 	 1998,
  volume = 	 454,
  pages = 	 {903–995}
}

@inproceedings{Hung2004,
  author = 	 {B[] Hung and C[] Notfors and S[] Ronen},
  year =         {2004},
  title = 	 {Seismic trace interpolation using the pyramid transform},
  booktitle =    {74th Annual International Meeting},
  publisher =    {Soc. of Expl. Geophys.},
  pages =        {2017–2020}
}

@Article{Izquierdo2006,
  author = 	 {M[] Izquierdo and M[] Hernández and J[] Anaya},
  title = 	 {Time-varying prediction filter for structural noise reduction in ultrasonic NDE},
  journal = 	 {Ultrasonics},
  year = 	 2006,
  volume = 	 44,
  pages = 	 {e1001-e1005}
}

@inproceedings{Liu2010,
  author = 	 {Y[] Liu and S[] Fomel},
  year =         {2010},
  title = 	 {Trace interpolation beyond aliasing using regularized nonstationary autoregression},
  booktitle =    {80th Annual International Meeting},
  publisher =    {Soc. of Expl. Geophys.},
  pages =        {3662-3666}
}

@Article{Liu2011,
  author = 	 {G[] Liu and X[] Chen and J[] Li and J[] Du and J[] Song},
  title = 	 {Seismic noise attenuation using nonstationary polynomial fitting},
  journal = 	 {Applied Geophysics},
  year = 	 2011,
  volume = 	 8,
  pages = 	 {18-26}
}

@Article{Liu2009,
  author = 	 {G[] Liu and S[] Fomel and X[] Chen},
  title = 	 {Time-frequency analysis of seismic data using local attributes},
  journal = 	 {Geophysics},
  year = 	 2011,
  volume = 	 76,
  pages = 	 {P23-P34}
}

@Article{Naghizadeh2009,
  author = 	 {M[] Naghizadeh and M[] Sacchi},
  title = 	 {f-x adaptive seismic-trace interpolation},
  journal = 	 {Geophysics},
  year = 	 2009,
  volume = 	 74,
  pages = 	 {V9-V16}
}

@Article{Sacchi2001,
  author = 	 {M[] Sacchi and H[] Kuehl},
  title = 	 {ARMA formulation of FX prediction error filters and projection filters},
  journal = 	 {Journal of Seismic Exploration},
  year = 	 2001,
  volume = 	 9,
  pages = 	 {185-197}
}

@inproceedings{Sacchi2009,
  author = 	 {M[] Sacchi and M[] Naghizadeh},
  year =         {2009},
  title = 	 {Adaptive linear prediction filtering for random noise attenuation},
  booktitle =    {79th Annual International Meeting},
  publisher =    {Soc. of Expl. Geophys.},
  pages =        {3347-3351}
}

@Article{Spitz1991,
  author = 	 {S[] Spitz},
  title = 	 {Seismic trace interpolation in the f-x domai},
  journal = 	 {Geophysics},
  year = 	 1991,
  volume = 	 56,
  pages = 	 {785–794}
}

@Article{Sun1996,
  author = 	 {Y[] Sun and S[] Ronen},
  title = 	 {The pyramid transform and its application to signal/noise separation},
  journal = 	 {SEP Annual Report},
  year = 	 1996,
  volume = 	 93,
  pages = 	 {161–176}
}
