@Article{Abma95,
  author = 	 {R[ay] Abma and J[on] Claerbout},
  title = 	 {Lateral prediction for noise attenuation by $t$-$x$ and $f$-$x$ techniques},
  journal = 	 {Geophysics},
  year = 	 1995,
  volume =	 60,
  pages =	 {1887-1896}
}

@Article{Cai09,
  author = 	 {J[ianfeng] Cai and S[tanley] Osher and Z[uowei] Shen},
  title = 	 {Linearized {Bregman} iterations for compressed sensing},
  journal = 	 {Mathematics of Computation},
  year = 	 2009,
  volume =	 78,
  pages =	 {1515-1536}
}

@Article{Sacchi01,
  author = 	 {M[] Sacchi and H[] Kuehl},
  title = 	 {{ARMA} formulation of {FX} prediction error filters and projection filters},
  journal = 	 {Journal of Seismic Exploration},
  year = 	 2001,
  volume =	 {9},
  pages =	 {185-197}
}

@inproceedings{Sacchi09,
  author =	 {M[] Sacchi and M[] Naghizadeh},
  title = 	 {Adaptive linear prediction filtering for random noise attenuation},
  booktitle =    {79th Annual International Meeting},
  year = 	 {2009},
  publisher =    {SEG, Expanded Abstracts},
  pages =        {3347-3351}
}

@inproceedings{Gulunay86,
  author =	 {N[] Gulunay},
  title = 	 {Fx decon and complex {W}iener prediction filter},
  booktitle =    {56th Annual International Meeting},
  year = 	 {1986},
  publisher =    {SEG, Expanded Abstracts},
  pages =        {Session: POS2.10}
}

@inproceedings{Canales84,
  author = 	 {L[] L[] Canales},
  title = 	 {Random noise reduction},
  booktitle =    {54th Annual International Meeting},
  year = 	 {1984},
  publisher =    {SEG, Expanded Abstracts},
  pages =        {Session: S10.1}
} 

@Article{Liu15,
  author = 	 {Y[ang] Liu and N[ing] Liu and C[ai] Liu},
  title = 	 {Adaptive prediction filtering in $t$-$x$-$y$ domain for random noise attenuation using regularized nonstationary autoregression},
  journal = 	 {Geophysics},
  year = 	 2015,
  volume =	 80,
  pages =	 {no. 1, V13-V21}
}

@Book{ripples,
  author =	 {A[] Jensen and A[] la~Cour-Harbo},
  title = 	 {Ripples in Mathematics: the discrete wavelet transform},
  publisher = 	 {Springer},
  year = 	 2001
}

@Article{Ristau01,
  author = 	 {J[] P[] Ristau and W[] M[] Moon},
  title = 	 {Adaptive filtering of random noise in {2-D} geophysical data},
  journal = 	 {Geophysics},
  year = 	 2001,
  volume =	 66,
  pages =	 {342-349}
}

@Article{Rutherford89,
  author = 	 {S[] R[] Rutherford and R[] H[] Williams},
  title = 	 {Amplitude-versus-offset variations in gas sands},
  journal = 	 {Geophysics},
  year = 	 1989,
  volume =	 54,
  pages =	 {680-688}
}


@Article{Karsli06,
  author = 	 {H[akan] Karsli and D[erman] Dondurur and G[{\"u}nay] {\c C}if{\c c}i},
  title = 	 {Application of complex-trace analysis to seismic data for random-noise suppression and temporal resolution improvement},
  journal = 	 {Geophysics},
  year = 	 2006,
  volume =	 71,
  pages =	 {no. 3, V79-V86}
}

@inproceedings{Lu07,
  author =	 {W[] Lu and J[un] Liu},
  title = 	 {Random noise suppression based on discrete cosine transform},
  booktitle =    {77th Annual International Meeting},
  year = 	 {2007},
  publisher =    {SEG, Expanded Abstracts},
  pages =        {2668-2672}
}

@Article{Neelamani08,
  author = 	 {R[amesh] Neelamani and A[natoly] I[] Baumstein and D[ominique] G[] Gillard and M[ohamed] T[] Hadidi and W[illiam] I[] Soroka},
  title = 	 {Coherent and random noise attenuation using the curvelet transform},
  journal = 	 {The Leading Edge},
  year = 	 2008,
  volume =	 27,
  pages =	 {240-248}
}

@Article{pocs,
  author = 	 {R[] Abma and N[] Kabir},
  title = 	 {{3D} interpolation of irregular data with a {POCS} algorithm},
  journal = 	 {Geophysics},
  year = 	 2006,
  volume =	 71,
  number =	 6,
  pages =	 {E91-E97}
}

@Article{frsi1,
  author = 	 {P[] Zwartjes and A[] Gisolf},
  title = 	 {Fourier reconstruction of marine-streamer data in four spatial coordinates},
  journal = 	 {Geophysics},
  year = 	 2006,
  volume =	 71,
  pages =	 {V171-V186}
}

@Article{frsi2,
  author = 	 {P[] Zwartjes and A[] Gisolf},
  title = 	 {Fourier reconstruction with sparse inversion},
  journal = 	 {Geophysical Prospecting},
  year = 	 2007,
  volume =	 55,
  pages =	 {199-221}
}

@Article{frsi3,
  author = 	 {P[] Zwartjes and M[] Sacchi},
  title = 	 {Fourier reconstruction of nonuniformly sampled, aliased seismic data},
  journal = 	 {Geophysics},
  year = 	 2007,
  volume =	 72,
  pages =	 {V21-V32}
}

@Article{antileak,
  author = 	 {S[heng] Xu and Y[u] Zhang and D[on] Pham and G[illes] Lambar\'{e}},
  title = 	 {Antileakage {Fourier} transform for seismic data regularization},
  journal = 	 {Geophysics},
  year = 	 2005,
  volume =	 70,
  pages =	 {V87-V95}
}

@Article{Amaldi98,
  author = 	 {E[] Amaldi and V[] Kann},
  title = 	 {On the approximability of minimizing nonzero variables or unsatisfied relations in linear systems},
  journal = 	 {Theoretical Computer Science},
  year = 	 1998,
  volume =	 209,
  pages =	 {237-260}
}

@incollection {athome,
   author =      {W[] Sweldens and P[] Schr\"{o}der},
   title =       {Building your own wavelets at home},
   booktitle =   {Wavelets in Computer Graphics},
   publisher =   {ACM SIGGRAPH Course notes},
   pages =       {15-87},		  
   year =        1996
  }

@Article{Berkhout97,
  author = 	 {A[] J[] Berkhout and D[] J[] Verschuur},
  title = 	 {Estimation of multiple scattering by iterative inversion, {Part} 1 {Theoretical} consideration},
  journal = 	 {Geophysics},
  year = 	 1997,
  volume =	 62,
  pages =	 {1586-1595}
}

@inproceedings{Burnett09,
  author =       {W[illiam] Burnett and S[ergey] Fomel},
  booktitle =    {79nd Annual International Meeting},
  pages =        {3710-3714},
  publisher =    {SEG, Expanded Abstracts},
  title =        {Moveout analysis by time-warping},
  year =         {2009}
}

@Article{Brown05,
  author = 	 {M[organ] P[] Brown and A[ntoine] Guitton},
  title = 	 {Least-squares joint imaging of multiples and primaries},
  journal = 	 {Geophysics},
  year = 	 2005,
  volume =	 {70},
  pages =	 {no. 5, S79-S89}
}

@Article{Chauris08,
  author = 	 {H[] Chauris and T[] Nguyen},
  title = 	 {Seismic demigration/migration in the curvelet domain},
  journal = 	 {Geophysics},
  year = 	 2008,
  volume =	 73,
  pages =	 {no. 2, S35-S46}
}

@Book{Claerbout04,
  author =	 {J[on] F[] Claerbout},
  title = 	 {Earth soundings analysis: processing versus inversion},
  publisher = 	 {Stanford Exploration Project, 
                 \texttt{http://sepwww.stanford.edu/sep/prof/}},
  year = 	 2004
}

@Article{Cohen92,
  author = 	 {A[] Cohen and I[] Daubechies and J[] Feauveau},
  title = 	 {Biorthogonal bases of compactly supported wavelets},
  journal = 	 {Communications on Pure and Applied Mathematics},
  year = 	 1992,
  volume =	 45,
  pages =	 {485-560}
}

@Article{Daubechies04,
  author = 	 {I[] Daubechies and M[] Defries and C[] De~Mol},
  title = 	 {An iterative thresholding algorithm for linear inverse problems with a sparsity constraint},
  journal = 	 {Communications on Pure and Applied Mathematics},
  year = 	 2004,
  volume =	 {LVII},
  pages =	 {1413-1457}
}

@Article{Dix55,
  author = 	 {C[] H[] Dix},
  title = 	 {Seismic velocity from surface measurement},
  journal = 	 {Geophysics},
  year = 	 1955,
  volume =	 20,
  pages =	 {68-86}
}

@Article{Do05,
  author = 	 {M[] N[] Do and M[] Vetterli},
  title = 	 {The contourlet transform: an efficient directional multiresolution image representation},
  journal = 	 {IEEE Transactions on Image Processing},
  year = 	 2005,
  volume =	 14,
  pages =	 {2091-2106}
}

@Article{Donoho06,
  author = 	 {D[] L[] Donoho},
  title = 	 {Compressed sensing},
  journal = 	 {IEEE Transactions on Information Theory},
  year = 	 2006,
  volume =	 52,
  pages =	 {1289-1306}
}

@Article{Foster92,
  author = 	 {D[ouglas] J[] Foster and C[harles] C[] Mosher},
  title = 	 {Suppression of multiple reflections using the {Radon} transform},
  journal = 	 {Geophysics},
  year = 	 1992,
  volume =	 57,
  pages =	 {386-395}
}

@PhdThesis{Fomel01a,
  author = 	 {S[ergey] Fomel},
  title = 	 {Three-dimensinal seismic data regularization},
  school = 	 {Stanford University},
  year = 	 2001
}

@incollection{Fomel01b,
title=           {Nonhyperbolic reflection moveout of {P} waves. {An} overview and comparison of reasons},
author=          {S[ergey] Fomel  and  V[ladimir] Grechka},
type=            {SEP-Report},
publisher=       {Colorado School of Mines},
year=            {2001},
journal=         {CWP-Report},
booktitle=       {CWP-372}
}

@Article{Fomel02,
  author = 	 {S[] Fomel},
  title = 	 {Applications of plane-wave destruction filters},
  journal = 	 {Geophysics},
  year = 	 2002,
  volume =	 67,
  pages =	 {1946-1960}
}

@inproceedings{Fomel06,
  author =       {S[ergey] Fomel},
  booktitle =    {76nd Annual International Meeting},
  pages =        {2847-2851a},
  publisher =    {SEG, Expanded Abstracts},
  title =        {Towards the seislet transform},
  year =         {2006}
}

@Article{Fomel07b,
  author = 	 {S[] Fomel},
  title = 	 {Velocity-independent time-domain seismic imaging using local
  event slopes},
  journal = 	 {Geophysics},
  year = 	 2007,
  volume =	 72,
  pages =	 {no. 3, S139-S147}
}

@Article{Fomel07a,
  author = 	 {S[] Fomel},
  title = 	 {Shaping regularization in geophysical estimation problems},
  journal = 	 {Geophysics},
  year = 	 2007,
  volume =	 72,
  pages =	 {no. 2, R29-R36}
}

@inproceedings{Fomel08,
  author =	 {S[] Fomel},
  title = 	 {Nonlinear shaping regularization in geophysical inverse problems},
  booktitle =    {78th Annual International Meeting},
  publisher =    {SEG, Expanded Abstracts},
  year = 	 {2008},
  pages =        {2046-2051}
}

@Article{Fomel09a,
  author = 	 {S[] Fomel},
  title = 	 {Adaptive multiple subtraction using regularized nonstationary regression},
  journal = 	 {Geophysics},
  year = 	 2009,
  volume =	 74,
  pages =	 {no. 1, V25-V33}
}

@Article{Fomel09b,
  author = 	 {S[] Fomel},
  title = 	 {Velocity analysis using {AB} semblance},
  journal = 	 {Geophysical Prospecting},
  year = 	 2009,
  volume =	 57,
  pages =	 {311-321}
}

@Article{Fomel10a,
  author = 	 {S[] Fomel and Y[] Liu},
  title = 	 {Seislet transform and seislet frame},
  journal = 	 {Geophysics},
  year = 	 2010,
  volume =	 75,
  pages =	 {no. 3, V25-V38}
}

@Article{Fomel10b,
  author = 	 {S[] Fomel},
  title = 	 {Predictive painting of {3D} seismic volumes},
  journal = 	 {Geophysics},
  year = 	 2010,
  volume =	 75,
  pages =	 {no. 4, A25-A30}
}

@Article{Guitton04,
  author = 	 {A[] Guitton and D[] Verschuur},
  title = 	 {Adaptive subtraction of multiples using the {L}1-norm},
  journal = 	 {Geophysical Prospecting},
  year = 	 2004,
  volume =	 52,
  pages =	 {27-38}
}

@inproceedings{Hargreaves03,
  author =       {N[eil] Hargreave and B[ruce] verWest and R[ichard] Wombell and D[aniel] Trad},
  booktitle =    {73rd Annual International Meeting},
  pages =        {1929-1932},
  publisher =    {SEG, Expanded Abstracts},
  title =        {Multiple attenuation using an apex-shifted {Radon} transform},
  year =         {2003}
}

@inproceedings{Hunt96,
  author =       {L[ee] Hunt and P[eter] Gary and W[arren] Upham},
  booktitle =    {66th Annual International Meeting},
  pages =        {1535-1538},
  publisher =    {SEG, Expanded Abstracts},
  title =        {The impact of an improved Radon transform on multiple attenuation},
  year =         {1996}
}

@Article{Herrmann08b,
  author = 	 {F[] Herrmann and D[] Wang and D[] Hennenfent and P[] Moghaddam},
  title = 	 {Curvelet-based seismic data processing: a multiscale and nonlinear approach},
  journal = 	 {Geophysics},
  year = 	 2008,
  volume =	 73,
  pages =	 {no. 1, A1-A5}
}

@Article{Herrmann08a,
  author = 	 {F[] Herrmann and D[] Wang and D[] J[] Verschuur},
  title = 	 {Adaptive curvelet-domain primary-multiple separation},
  journal = 	 {Geophysics},
  year = 	 2008,
  volume =	 73,
  pages =	 {A17-A21}
}

@Article{Li09,
  author = 	 {Y[] Li and B[] J[] Yang and J[] Badal and X[] P[] Zhao and H[] B[] Lin and R[] L[] Li},
  title = 	 {Chaotic system detection of weak seismic signals},
  journal = 	 {Geophysical Journal International},
  year = 	 2009,
  volume =	 178,
  pages =	 {1493-1522}
}

@inproceedings{Lian01,
  author =	 {C[] Lian and K[] Chen and H[] Chen and L[] Chen},
  title = 	 {Lifting based discrete wavelet transform architecture for {JPEG2000}},
  booktitle =    {The 2001 IEEE International Symposium on Circuits and Systems},
  year = 	 {2001},
  publisher =    {IEEE},
  pages =        {II445-II448}
}

@Article{Liu10,
  author = 	 {Y[] Liu and S[] Fomel },
  title = 	 {{OC}-seislet: Seislet transform construction with differential offset continuation},
  journal = 	 {Geophysics},
  year = 	 2010,
  volume =	 75,
  pages =	 {no. 6, WB235-WB245}
}

@inproceedings{Liu12,
  author =       {Y[] Liu and C[] Liu and D[] Wang and X[] Feng and Q[] Lu},
  booktitle =    {74nd Annual International Meeting},
  pages =        {},
  publisher =    {EAGE, Expanded Abstracts},
  title =        {Iterative Seismic data interpolation beyond aliasing using seislet transform},
  year =         {2012}
}

@inproceedings{Liu09,
  author =       {Z[] Liu and Y[] Sun and W[] Wang and S[] Chen and J[] Wang},
  booktitle =    {International Geophysical Conference and Exposition},
  pages =        {3710-3714},
  publisher =    {CPS/SEG, Expanded Abstracts},
  title =        {Surface-related multiple attenuation by prediction-muting parabolic {Radon} transform},
  year =         {2009}
}

@Article{Lumley94,
  author = 	 {D[] Lumley and D[] Nichols and T[] Rekdal},
  title = 	 {Amplitude-preserved multiple suppression},
  journal = 	 {Stanford Exploration Project},
  year = 	 1994,
  volume =	 {SEP report 82},
  pages =	 {25-45}
}

@Book{mallat,
  author =	 {S[tephane] Mallat},
  title = 	 {A Wavelet Tour of Signal Processing: The Sparse Way},
  publisher = 	 {Academic Press},
  year = 	 2009
}

@inproceedings{Morlet81,
  author =       {[J] Morlet},
  booktitle =    {51st Annual International Meeting},
  pages =        {Session:S15.1},
  publisher =    {SEG, Expanded Abstracts},
  title =        {Sampling theory and wave propagation},
  year =         {1981}
}

@Article{Osher05,
  author = 	 {S[] Osher and M[] Burger and D[] Goldfarb and J[] Xu and W[] Ying},
  title = 	 {An iterated regularization method for total variatrion-based image restoration},
  journal = 	 {Multiscale Modeling \& Simulation},
  year = 	 2005,
  volume =	 4,
  pages =	 {460-489}
}

@Article{Ottolini83,
  author = 	 {R[] Ottolini},
  title = 	 {Signal/noise separation in dip space},
  journal = 	 {Stanford Exploration Project},
  year = 	 1983,
  volume =	 {SEP report 37},
  pages =	 {143-149}
}

@Article{Ottolini83b,
  author = 	 {R[] Ottolini},
  title = 	 {Velocity independent seismic imaging},
  journal = 	 {Stanford Exploration Project},
  year = 	 1983,
  volume =	 {SEP report 37},
  pages =	 {59-68}
}
@Article{Pennec05,
  author = 	 {E[] L[] Pennec and S[] Mallat},
  title = 	 {Sparse geometrical image representation with bandelets},
  journal = 	 {IEEE Transactions on Image Processing},
  year = 	 2005,
  volume =	 14,
  pages =	 {423-438}
}

@Article{Schleicher09,
  author = 	 {J[] Schleicher and J[] C[] Costa and L[] T[] Santos and A[] Novais and M[] Tygel },
  title = 	 {On the estimation of local slopes},
  journal = 	 {Geophysics},
  year = 	 2009,
  volume =	 74,
  pages =	 {no. 4, P25-P33}
}

@Article{Starck00,
  author = 	 {J[] L[] Starck and E[] J[] Cand\'{e}s and D[] L[] Donoho},
  title = 	 {The Curvelet Transform for Image Denoising},
  journal = 	 {IEEE Transactions on Image Processing},
  year = 	 2000,
  volume =	 11,
  pages =	 {670-684}
}

@Article{Sweldens95,
  author = 	 {W[] Sweldens},
  title = 	 {The lifting scheme: {A} new philosophy in biorthogonal wavelet constructions},
  journal = 	 {Wavelet Applications in Signal and Image Processing III},
  year = 	 1995,
  volume =	 {Proc. SPIE 2569},
  pages =	 {68-79}
}

@Article{Yin08,
  author = 	 {W[] Yin and S[] Osher and D[] Goldfarb and J[] Darbon},
  title = 	 {Bregman iterative
  algorithms for $l_1$ minimization with applications to compressed sensing},
  journal = 	 {SIAM Journal on Imaging Sciences},
  year = 	 2008,
  volume =	 1,
  pages =	 {143-168}
}

@PhdThesis{Velisavljevic05,
  author = 	 {V[] Velisavljevic},
  title = 	 {Directionlets: anisotropic multi-directional representation with separable filtering},
  school = 	 {Ecole Polytechnique F\'{e}d\'{e}rale de Lausanne},
  year = 	 2005
}

@Article{Verschuur92,
  author = 	 {D[] J[] Verschuur and A[] J[] Berkhout and C[] P[] A[] Wapenaar},
  title = 	 {Adaptive surface-related multiple elimination},
  journal = 	 {Geophysics},
  year = 	 1992,
  volume =	 57,
  pages =	 {1166-1177}
}

@Article{Wang03,
  author = 	 {Y[anghua] Wang},
  title = 	 {Multiple attenuation: coping with the spatial truncation effect in the {Radon} transform domain},
  journal = 	 {Geophysical Prospecting},
  year = 	 2003,
  volume =	 51,
  pages =	 {75-83}
}

@Article{Weglein97,
  author = 	 {A[] B[] Weglein and F[] A[] Gasparotto and P[] M[] Carvalho and R[] H[] Stolt},
  title = 	 {An inverse-scattering series method for attenuating multiples in seismic reflection data},
  journal = 	 {Geophysics},
  year = 	 1997,
  volume =	 62,
  pages =	 {1975-1989}
}

@Article{Zhou96,
  author = 	 {B[inzhong] Zhou and S[tewart] Greenhalgh},
  title = 	 {Multiple suppression by {2D} filtering in the parabolic $\tau$-$p$ domain: a wave-equation-based method},
  journal = 	 {Geophysical Prospecting},
  year = 	 1996,
  volume =	 44,
  pages =	 {375-401}
}

@Article{m8r,
  author = {S. Fomel and P. Sava and I. Vlad and Y. Liu and
                 V. Bashkardin},
  title = {Madagascar: open-source software project for
              multidimensional data analysis and reproducible 
              computational experiments},
  journal = 	 {Journal of Open Research Software},
  year = 	 2013,
  volume = 	 1,
  number = 	 1,
  pages = 	 {e8},
  doi =          {http://dx.doi.org/10.5334/jors.ag}
}

@Article{Chen13a,
  author = 	 {Z[] Chen and S[] Fomel and W[] Lu},
  title = 	 {Accelerated plane-wave
  destruction},
  journal = 	 {Geophysics},
  year = 	 2013,
  volume = 	 78,
  pages = 	 {no. 1, V1-V9}}

@Article{Chen13b,
  author = 	 {Z[] Chen and S[] Fomel and W[] Lu},
  title = 	 {Omnidirectional plane-wave
  destruction},
  journal = 	 {Geophysics},
  year = 	 2013,
  volume = 	 78,
  pages = 	 {no. 5, V171-V179}}

@inproceedings{Liu13,
  author =       {Y[ang] Liu and C[ai] Liu},
  booktitle =    {83rd Annual International Meeting},
  pages =        {3661-3666},
  publisher =    {SEG, Expanded Abstracts},
  title =        {Velocity-dependent seislet transform and its applications},
  year =         {2013}
}

@Article{Fomel06b,
  author = 	 {S[] Fomel and A[] Guitton},
  title = 	 {Regularizing seismic inverse
  problems by model re-parameterization using plane-wave construction},
  journal = 	 {Geophysics},
  year = 	 2006,
  volume = 	 71,
  pages = 	 {no. 5, A43-A47}
}

@Article{Reiter91,
  author = 	 {E[dmund] C[] Reiter and M[] N[afi] Toks\"{o}z and T[imothy] H[] Keho and G[] M[] Purdy},
  title = 	 {Imaging with deep-water multiples},
  journal = 	 {Geophysics},
  year = 	 1991,
  volume = 	 56,
  pages = 	 {1081-1086}
}

@Article{Berkhout06,
  author = 	 {A[] J[] Berkhout and D[] J[] Verschuur},
  title = 	 {Imaging of multiple reflections},
  journal = 	 {Geophysics},
  year = 	 2006,
  volume = 	 71,
  pages = 	 {no. 4, SI209-SI220}
}


@Article{Youn01,
  author = 	 {O[] K[] Youn and H[] W[] Zhou},
  title = 	 {Depth imaging with multiples},
  journal = 	 {Geophysics},
  year = 	 2001,
  volume = 	 66,
  pages = 	 {246-255}
}

@book{key,
  author = {R[] G[] Keys and D[] J[] Foster},
  title = {Comparison of seismic inversion methods on a single real data set},
  publisher = {Society of Exploration Geophysicists},
  year = {1998},
}

@Article{Casasanta11,
  author = 	 {L[] Casasanta and S[] Fomel},
  title = 	 {Velocity-independent $\tau$-$p$
moveout in a vertically-varying {VTI} medium},
  journal = 	 {Geophysics},
  year = 	 2011,
  volume = 	 76,
  pages = 	 {no. 4, U45-U57}}

@Article{Fomel03,
  author = 	 {S[] Fomel and J[] F[] Claerbout},
  title = 	 {Multidimensional recursive
  filter preconditioning in geophysical estimation problems},
  journal = 	 {Geophysics},
  year = 	 2003,
  volume = 	 68,
  pages = 	 {577-588}}

@book{Claerbout92,
   author = {J[on] F[] Claerbout},
   publisher = {Blackwell Scientific Publications},
   title = {{Earth Soundings Analysis: Processing Versus Inversion}},
   year = {1992}
}


@article{Sacchi95,
  title={High-resolution velocity gathers and offset space reconstruction},
  author={Sacchi, Mauricio D and Ulrych, Tadeusz J},
  journal={Geophysics},
  volume={60},
  number={4},
  pages={1169--1177},
  year={1995},
  publisher={Society of Exploration Geophysicists}
}

@inproceedings{Herrmann00,
  title={De-aliased, high-resolution Radon transforms},
  author={Herrmann, Philippe and Mojesky, Todd and Magesan, Mag and Hugonnet, Pierre},
  booktitle={Society of Exploration Geophysicists 70th Annual International Meeting, SP2},
  volume={3},
  pages={1953--1956},
  year={2000}
}

@article{Trad03,
  title={Latest views of the sparse Radon transform},
  author={Trad, Daniel and Ulrych, Tadeusz and Sacchi, Mauricio},
  journal={Geophysics},
  volume={68},
  number={1},
  pages={386--399},
  year={2003},
  publisher={Society of Exploration Geophysicists}
}

@article{Sarkar01,
   author = {D[] Sarkar and J[] P[] Castagna and W[]J[] Lamb},
   journal = {Geophysics},
   number = {4},
   pages = {1284-1293},
   publisher = {Soc. of Expl. Geophys.},
   title = {{AVO} and velocity analysis},
   volume = {66},
   year = {2001}}

@article{Sarkar02,
   author = {D[] Sarkar and R[] T[] Baumel and K[] L[] Larner},
   journal = {Geophysics},
   number = {05},
   pages = {1664-1672},
   publisher = {Soc. of Expl. Geophys.},
   title = {Velocity analysis in the presence of amplitude variation},
   volume = {67},
   year = {2002}}