@ARTICLE {Holliger1,
 author = {K[laus] Holliger and A[lan] R. Levander},
 journal = {Geophysical Research Letters},
 title = {{A stochastic view of lower crustal fabric based on evidence from the Ivrea zone}},
 volume={19},
 pages = {1153--1156},
 year = {1992}
 }

@ARTICLE {Holliger2,
 author = {K[laus] Holliger and A[lan] R. Levander and J[ohn] A. Goff},
 journal = {Journal of Geophysical Research},
 title = {{Stochastic modeling of the reflective lower crust: petrophysical and geological evidence from the Ivrea zone (Northern Italy)}},
 volume={98},
 pages = {11967--11980},
 year = {1993}
 }

@ARTICLE {Godfrey,
 author = {R. Godfrey and F. Muir and F. Rocca},
 journal = {Geophysics},
 title = {{Modeling seismic impedance with Markov chains}},
 volume={45},
 pages = {1351--1372},
 year = {1980}
 }

@ARTICLE {Goff,
 author = {J[ohn] A. Goff and T[homas] H. Jordan},
 journal = {Journal of Geophysical Research},
 title = {Stochastic modeling of seafloor morphology: Inversion of sea beam data for second-order statistics},
 volume={93},
 pages = {13,589--13,608},
 year = {1988}
 }

@ARTICLE {Wu,
 author = {R. -S. Wu  and K. Aki},
 journal = {Pure and Applied Geophysics},
 title = {The fractal nature of inhomogeneities in the lithosphere evidenced from seismic wave scattering},
 volume={123},
 pages = {805--818},
 year = {1985}
 }

@ARTICLE {Frankel,
 author = {A. Frankel and R. W. Clayton},
 journal = {Journal of Geophysical Research},
 title = {{Finite difference simulations of seismic scattering: Implications for the propagation of short-period seismic waves in the crust and models of crustal heterogeneity}},
 volume={91},
 pages = {6465--6489},
 year = {1986}
 }

@ARTICLE {ODA,
 author = {R. F. O'Doherty and N. A. Anstey},
 journal = {Geophysical Prospecting},
 title = {Reflections on Amplitudes},
 volume={19},
 pages = {430--458},
 year = {1971}
 }

@ARTICLE {Lord,
 author = {R. D. Lord},
 journal = {Biometrika},
 title = {{The use of the Hankel transform in statistics: I. General theory and examples}},
 volume={41},
 pages = {44--55},
 year = {1954}
 }

@ARTICLE {Karman,
 author = {T. von Karman},
 journal = {J. Mar. Res.},
 title = {Progress in the statistical theory of turbulence},
 volume={7},
 pages = {252--264},
 year = {1948}
 }

@ARTICLE {Matern,
 author = {B. Matern},
 title = {Spatial variation},
 volume={49(5)},
 journal = {Medd. Skogsforskn Inst.},
 pages = {1--144},
 year = {1970}
 }

@BOOk{Feller,
 author = {W. Feller},
 title = {An introduction to probability theory and its applications: {{Vol.}} 2},
 pages = {669--669},
 year = {1971},
 publisher={John Wiley, New York}
 }

@BOOk{Tatarski,
 author = {V. I. Tatarski},
 title = {Wave propagation in a turbulent medium},
 pages = {285--285},
 year = {1961},
 publisher={McGraw-Hill, New York}
 }

@BOOk{Chernov,
 author = {L. A. Chernov},
 title = {Wave propagation in a random medium},
 pages = {168--168},
 year = {1960},
 publisher={McGraw-Hill, New York}
 }

@BOOk{Bracewell,
 author = {R. Bracewell},
 title = {{The Fourier transform and its application}},
 pages = {381--381},
 year = {1978},
 publisher={McGraw-Hill, New York}
 }

@BOOk{Mandelbrot1,
 author = {B. B. Mandelbrot},
 title = {The fractal geometry of nature},
 pages = {468--468},
 year = {1983},
 publisher={W. H. Freeman, New York}
 }

@ARTICLE{Mandelbrot2,
 author = {B. B. Mandelbrot},
 journal = {Phys. Scrip.},
 title = {Self-affine fractals and and fractal dimension},
 volume = {32},
 pages = {257--260},
 year = {1985}
 }
