@inproceedings{SEG2005sgj3d,
   author={G[uojian] Shan and B[iondo] Biondi},
   year={2005},
   title={3{D} wavefield extrapolation in laterally-varying tilted {TI} media},
   booktitle={Expanded Abstracts},
   meeting={75th Ann. Internat. Mtg.},
   publisher={Soc. of Expl. Geophys.},
   pages={104-107}
}

@book{jon1985book,
  author =       {J[on]  F[] Claerbout},
  title =    {Imaging the {Earth}'s Interior},
  publisher =    {Blackwell Scientific Publications},
  year =         {1985},
}

@inproceedings{faqi2005eage,
   author={F[aqi] Liu and R[ichard] Day and D[ouglas] Hanson and D. Whitmore and C[huck] Mosher and J[ohn] Sinton},
   year={2005},
   title={A stable wave equation migration method in 3{D} {VTI} media},
   booktitle={Expanded Abstracts},
   meeting={67th Ann. Internat. Mtg.},
   publisher={EAGE},
   pages={P002}
}

@inproceedings{SEG2005jiaxiang,
   author={J[iaxiang] Ren and C[live] Gerrard and J[ames] McClean and M[ikhail] Orlovich},
   year={2005},
   title={Wave equation prestack depth migration in laterally varying {VTI} media},
   booktitle={Expanded Abstracts},
   meeting={75th Ann. Internat. Mtg.},
   publisher={Soc. of Expl. Geophys.},
   pages={104-107}
}

@inproceedings{ma1981,
   author={Z[aitian] Ma},
   year={1981},
   title={Finite-difference migration with higher-order approximation},
   meeting={1981 joint meeting of the China Geophysical Society and Soc. of Expl. Geophys., Beijing China}
}

@inproceedings{Etgen-SEG02,
author={Etgen, J.},
year={2002},
title={Waves, Beams and Dimensions: an illuminating if incoherent view of
the future of migration},
booktitle={invited presentation},
meeting={72nd Ann. Internat. Mtg},
publisher={Soc. of Expl. Geophys.}
}

@incollection{dehoop.jmathphys.96,
  author =       {de Hoop, M. V.},
  title =        {Generalization of the {B}remmer coupling series},
  year =         {1996},
  booktitle =    {J. {M}ath. {P}hys.},
  pages =        {3246--3282},
  volume =       {}
}

@incollection{BDEtgen-SEG03,
author={Brandsberg-Dahl, S. and Etgen, J.},
year={2003},
title={Beam-wave imaging},
booktitle = {Expanded Abstracts},
meeting={73rd Ann. Internat. Mtg},
publisher={Soc. of Expl. Geophys.},
pages = {977--980}
}

@inproceedings{SEG2004sgj,
   author={G[uojian] Shan and B[iondo] Biondi},
   year={2004},
   title={Imaging overturned waves by plane-wave migration in
        tilted coordinates},
   booktitle={Expanded Abstracts},
   meeting={74th Ann. Internat. Mtg.},
   publisher={Soc. of Expl. Geophys.},
   pages={969-972}
}

@inproceedings{bpdata,
   author={F.J. Billette and S. Brandsberg-Dahl},
   year={2005},
   title={The 2004 {BP} velocity Benchmark},
   meeting={67th meeting},
   publisher={Eur. Assn. Geosci. Eng.},
   pages={B035}
}

@incollection{Rietveldphd,
author={Rietveld, W. E. A.},
year={1995},
title={Controlled illumination of prestack seismic migration},
booktitle = {Ph.D. thesis},
publisher={Delft University of Technology.}
}

@incollection{whitmorephd,
author={N. D. Whitmore},
year={1995},
title={An imaging hierarchy for common angle plane wave seismograms},
booktitle = {Ph.D. thesis},
publisher={University of Tulsa.}
}


@article{zhangyudelayshot,
        author= {Yu Zhang and James Sun and Carl Notfors and Samuel Gray and Leon Chernis and Jerry Young},
        year=   2005,
        title=  {Delayed-shot {3D} depth migration},
        journal=        {Geophysics},
        volume= {70},
        number= {5},
        pages=  {E21-E28},
        }

@article{rieman,
        author= {Paul Sava and Sergey Fomel},
        year=   2005,
        title=  {Riemannian wavefield extrapolation},
        journal=        {Geophysics},
        volume= {70},
        number= {3},
        pages=  {T45-T56},
        }

