@Article{klokov,
  author = 	 {A[lexander] Klokov and S[ergey] Fomel},
  title = 	 {Separation and imaging of seismic diffractions using migrated dip-angle gathers},
  journal = 	 {Geophysics},
  year = 	 2012,
  pages = 	 {submitted}}

@article{landa,
author = {Evgeny Landa and Sergey Fomel and Moshe Reshef},
collaboration = {},
title = {Separation, imaging, and velocity analysis of seismic diffractions using migrated dip-angle gathers},
publisher = {SEG},
year = {2008},
journal = {SEG Technical Program Expanded Abstracts},
volume = {27},
number = {1},
pages = {2176-2180},
keywords = {attributes; common angle; diffraction; faults; migration},
url = {http://link.aip.org/link/?SGA/27/2176/1},
doi = {10.1190/1.3059318}
}
