@ARTICLE{lofts2002,
  author = {J[] Lofts and M[] Evans and M[] Pavlovic and S[] Dymmock},
  title = {A new micro-resistivity imaging device for use in oil-based mud},
  journal = {SPWLA 43rd Annual Logging Symposium},
  year = {2002},
  publisher = {Society of Petrophysicists \& Well Log Analysts},
  pages = {1-14}
}

@Article{steve2001,
  author = {C[] Steve and J[] Scott and C[] R[] John and S[] Rob},
  title ={Effect of resistive invasion on resistivity logs},
  journal={SPE annual technical conference},
  year=2001,
  pages={1-9},
}

@Article{sava20041,
 author =  { P. Sava and B. Biondi },
 title =   { Wave-equation migration velocity analysis - {I}: {Theory} },
 journal = {Geophysical Prospecting},
 volume = {52},
 year =   {2004},
 pages =  {593--606},
}

@Article{sava20042,
 author =  { P. Sava and B. Biondi },
 title =   { Wave-equation migration velocity analysis - {II}:
{Subsalt} imaging examples},
 journal = {Geophysical Prospecting},
 volume = {52},
 year =   {2004},
 pages =  {607--623},
}

@Article{rutherford1989,
  author={S[] R[] Rutherford and R[] H[] Williams},
  title={Amplitude-versus-offset variations in gas sands},
  journal = 	 {Geophysics},
  year = 	 1989,
  volume =	54,
  pages =	 {680-688},
}
@Article{siwei2013,
  author = 	 {Siwei Li},
  title = 	 {Wave-equation migration velocity analysis by non-stationary focusing},
  journal = 	 {83nd Annual International Meeting, SEG, Expanded Abstracts},
  year = 	 2013,
  pages =	 {1110-1115},
}

@Article{antoine2012,
  author =	 { Antoine Guitton and Gboyega Ayeni and Esteban Díaz},
  title =	 {Constrained full-waveform inversion by model reparameterization},
  journal =	 {Geophysics},
  volume =	 77,
  year =	 2012,
  number =	 2,
  pages =	 {R117–R127},
}

@Article{virieux2009,
  author =	 { J[] Virieux and S[] Operto},
  title =	 {An overview of full-waveform inversion in exploration geophysics},
  journal =	 {Geophysics},
  volume =	 74,
  year =	 2009,
  number =	 6,
  pages =	 {WCC1-WCC26},
}

@Article{siwei20131,
  author =	 { Siwei Li and Alexander Vladimirsky and Sergey Fomel},
  title =	 { First-break traveltime tomography with the
double-square-root eikonal equation},
  journal =	 {Geophysics},
  volume =	 78,
  year =	 2013,
  number =	 6,
  pages =	 {U89–U101},
}

@ARTICLE{zhu1992,
  author = {X[] Zhu and D[] P[] Sixta and B[] G[] Angstman},
  title = {Tomostatics: turning-ray tomography + static corrections},
  journal = {The Leading Edge},
  year = {1992},
  volume = {11},
  pages = {15-23}
}
@Article{fomel20141,
  author = 	 {S[] Fomel and E[] Landa},
  title = 	 {Structural uncertainty of time-migrated seismic images},
  journal = 	 {Journal of Applied Geophysics},
  year = 	 2014,
  volume =	 101,
  pages =	 {27-30},
}
@Article{yangkang2015ortho,
  author={Yangkang Chen and Sergey Fomel},
  title = {Random noise attenuation using local signal-and-noise orthogonalization},
  journal={Geophysics},
  year=2015,
  pages={in print},
}
@Article{honbo2012,
  author = 	 {Hongbo Zhou and Lasse Amundsen and Guanquan Zhang},
  title = 	 {Fundamental Issues in Full Waveform Inversion},
  journal = 	 {82nd Annual International Meeting, SEG, Expanded Abstracts},
  year = 	 2012,
  pages =	 {1-5},
}
@ARTICLE{noble2010,
  author = {M[] Noble and P[] Thierry and C[] Taillandier and H[] Calandra},
  title = {High-performance 3{D} first-arrival traveltime tomography},
  journal = {The Leading Edge},
  year = {2010},
  volume = {29},
  pages = {86-93}
}

@ARTICLE{osypov2000,
  author ={K[] Osypov},
  title = {Robust refraction tomography},
  journal = {70th Annnual International Meeting, SEG, Expanded Abstracts},
  year = {2000},
  pages = {2032-2035}
}

@Article{jianxiong2013,
  author = 	 {Jianxiong Chen and Colin A[] Zelt and Priyank Jaiswal},
  title = 	 {A case history: Application of frequency-dependent traveltime tomography and full waveform
inversion to a known near-surface target},
  journal = 	 {83nd Annual International Meeting, SEG, Expanded Abstracts},
  year = 	 2013,
  pages =	 {1743-1748},
}

@article{fomel20091,
  author =	 {S[] Fomel},
  title =	 {Velocity analysis using {AB} semblance},
  year =	 2009,
  journal =	 {Geophysical Prospecting},
  volume={57},
 pages={311-321},
}

@Article{neidell1971,
  author = 	 {N[] S[] Neidell and M[] T[] Taner},
  title = 	 {Semblance and other coherency measures for multichannel data},
  journal = 	 {Geophysics},
  year = 	 1971,
  volume = 	 36,
  number = 	 2,
  pages = 	 {482-297}}

@Article{luosimon2012,
  author = 	 {Simon Luo and Dave Hale},
  title = 	 {Velocity analysis using weighted semblance},
  journal = 	 {Geophysics},
  year = 	 2012,
  volume = 	 77,
  number = 	 2,
  pages = 	 {U15-U22}}

@Article{fomel2007localattr,
  author={Sergey Fomel},
  title={Local seismic attributes},
  journal={Geophysics},
  year=2007,
  Volume=72,
  pages={A29-A33},
}

% Guochang Liu 
@Article{guochang2009,
author={G[] Liu and S[] Fomel and L[] Jin and X[] Chen},
title={Stacking seismic data using local correlation},
journal={Geophysics},
volume=74,
year=2009,
pages={V43-V48}
}

@Article{mada2013,
  author={Sergey Fomel and P[] Sava and I[] Vlad and Y[] Liu and V[] Bashkardin},
  title={Madagascar open-source software project},
  journal = 	 {Journal of Open Research Software},
  year = 	 2013,
  volume =	 1,
  pages =	 {e8},
}

@Article{sarkar2001,
author={D[] Sarkar and J[] P[] Castagna and W[] Lamb},
title={{AVO} and velocity analysis},
journal={Geophysics},
volume=66,
year=2001,
pages={1284-1293}
}


@Article{taner2009,
author={M[] T[] Taner and F[] Koehler},
title={Velocity spectra - Digital computer derivation and applications of velocity functions},
journal={Geophysics},
volume=34,
year=1969,
pages={859-881}
}

@Article{hale2009,
author={D[] Hale},
title={Strcuture-oriented smoothing and semblance},
journal={Technical Report CWP-635, Center for Wave Phenomena, Colorado School of Mines},
year=2009,
}

