@ARTICLE{Huber:73,
     author="Huber, P. J.",
     title="Robust regression: Asymptotics, conjectures, and {Monte Carlo}",
     journal="Ann. Statist.",
     volume="1",
     pages="799-821",
     year="1973"}


@BOOK{ClaerPVI:92,
     author="Claerbout, J. F.",
     title="Earth {S}oundings {A}nalysis, {P}rocessing versus {I}nversion",
     publisher="Blackwell Scientific Publication",
     year="1992"}

@article{Claerbout.iee.www,
  author = {J[on] F[] Claerbout},
  organization = {{S}tanford {E}xploration {P}roject},
  title = {{I}mage {E}stimation by {E}xample},
  year = {2004},
  journal = {{\tt http://sepwww.stanford.edu/ sep/prof/index.html}}
}

@Article{Hampson-22-044055,
  author = 	 {D[] Hampson},
  title = 	 {Inverse velocity stacking for multiple elimination},
  journal = 	 {Journal of the Canadian Society of Exploration Geophysicists},
  year = 	 1986,
  volume =	 22,
  pages =	 {44-55}
}

@Article{Broyden-16-670,
  author = 	 {C[] G[] Broyden},
  title = 	 {A new double-rank minimization algorithm},
  journal = 	 {Notices of the American Mathematical Society},
  year = 	 1969,
  volume =	 16,
  pages =	 670
}

@Article{Fletcher-13-03170322,
  author = 	 {R[] Fletcher},
  title = 	 {A new approach to variable metric methods},
  journal = 	 {The Computer Journal},
  year = 	 1970,
  volume =	 13,
  pages =	 {317-322}
}

@Article{Goldfarb-24-023026,
  author = 	 {D[] Goldfarb},
  title = 	 {A family of variable metric methods derived by varia-
  tional means},
  journal = 	 {Mathematics of Computation},
  year = 	 1970,
  volume =	 24,
  pages =	 {23-26}
}

@Article{Shanno-24-06470657,
  author = 	 {D[] F[] Shanno},
  title = 	 {Conditioning of quasi-{Newton} methods for function
  minimization},
  journal = 	 {Mathematics of Computation},
  year = 	 1970,
  volume =	 24,
  pages =	 {647-657}
}

@Article{Nocedal-95-03390353,
  author = 	 {J[] Nocedal},
  title = 	 {Updating quasi-{Newton} matrices with limited storage},
  journal = 	 {Mathematics of Computation},
  year = 	 1980,
  volume =	 35,
  pages =	 {339-353}
}

