@Booklet{gee,
  title  = {{G}eophysical {E}stimation by {E}xample: {E}nvironmental soundings image enhancement},
  author = {J[on] Claerbout},
  howpublished    = {\url{http://sepwww.stanford.edu/sep/prof/}},
  year   =   1998
}

@book{bracewell,
	author={Bracewell, Ronald N.},
	year={1986},
	title={The {F}ourier {T}ransform and its applications},
	publisher={McGraw-Hill}
}
