@INPROCEEDINGS{bp2004,
  author = {F[] J[] Billette and S[] Brandsberg-Dahl}, 
  title = {The 2004 {BP} velocity benchmark},
  booktitle = {67th Annual EAGE Meeting, EAGE, Expanded Abstracts},
  publisher =    {Soc. Expl. Geophys.},
  year = {2004},
  pages = {B305}
}

@Article{bohlen ,
  author  = {T[] Bohlen},
  title   = {Parallel 3-D viscoelastic finite difference seismic modelling},
  journal = {Computers {\&} Geosciences},
  year    = {2002},
  volume  = {28},
  pages   = {887-899},
}

@article{chu12,
  AUTHOR = {C[] Chu and P[] L[] Stoffa},
  TITLE = {Application of normalized {pseudo-Laplacian} to elastic wave modeling on staggered grids},
  journal = {Geophysics},
  year =         {2011},
  publisher =    {Soc. Expl. Geophys.},
  volume = {76},
  number = {5},
  pages = {T113-T121}
}


@inproceedings{chu09,
  author =	 {C[] Chu and P[] L[] Stoffa and R[] Seif},
  title = 	 {3D elastic wave modeling using modified high-order time stepping schemes with improved stability condition},
  booktitle =    {79th Ann. Internat. Mtg.},
  year = 	 {2009},
  publisher =    {Soc. Expl. Geophys.},
  pages =        {2662-2666}
}

@ARTICLE{dablain,
  author = {M[] A[] Dablain},
  title = {The application of high-order differencing to the scalar wave equation},
  journal = {Geophysics},
  year = {1986},
  volume = {51},
  number = {1},
  publisher = {seg},
  pages = {54-66}
}

@Article{dux,
  author =       {X[] Du and P[] Fowler and R[] Fletcher},
  title =        {Recursive integral time-extrapolation methods for waves: A comparative review},
  journal =      {Geophysics},
  year =         2014,
  volume =       79,
  pages =        {T9-T26},
  DOI = {10.1190/geo2013-0115.1}
}

@article {eng2009,
    AUTHOR = {Engquist, Bj{\"o}rn and Ying, Lexing},
     TITLE = {A fast directional algorithm for high frequency acoustic
              scattering in two dimensions},
   JOURNAL = {Commun. Math. Sci.},
  FJOURNAL = {Communications in Mathematical Sciences},
    VOLUME = {7},
      YEAR = {2009},
    NUMBER = {2},
     PAGES = {327--345},
      ISSN = {1539-6746},
   MRCLASS = {65N38 (76Q05)},
  MRNUMBER = {MR2536441},
MRREVIEWER = {Paul Andrew Martin},
       URL = {http://projecteuclid.org/getRecord?id=euclid.cms/1243443983},
}

@ARTICLE{etgen86,
  author = {J[] Etgen},
  title = {High order finite-difference reverse time migration with the two way nonreflecting wave equation},
  journal = {SEP-48},
  year = {1986},
  publisher = {Stanford Exploration Project},
  pages = {133-146}
}


@INPROCEEDINGS{etgen09,
  author = {J[] Etgen and S[] Brandsberg-Dahl},
  title = {The pseudo-analytical method: application of {pseudo-Laplacians} to acoustic and acoustic anisotropic wave propagation},
  booktitle = {79nd Annual International Meeting, SEG, Expanded Abstracts},
  year = {2009},
  pages = {2552-2556}
}


@Article{kastner,
  author =       {B[] Finkelstein and R[] Kastner},
  title =        {Finite difference time domain dispersion reduction schemes},
  journal =      {Journal of Computational Physics},
  year =         2007,
  volume =       221,
  pages =        {422-438}
}


@Article{m8r,
  author = {S. Fomel and P. Sava and I. Vlad and Y. Liu and V. Bashkardin},
  title = {Madagascar: open-source software project for multidimensional data analysis and reproducible computational experiments},
  journal = {Journal of Open Research Software},
  year   = 2013,
  volume = 1,
  number = 1,
  pages  = {e8},
  doi    = {http://dx.doi.org/10.5334/jors.ag}
}

@inproceedings{fomellowrank2010,
  AUTHOR = {S[] Fomel and L[] Ying and X[] Song},
  TITLE = {Seismic wave extrapolation using a lowrank symbol approximation},
  booktitle =    {80th Ann. Internat. Mtg.},
  year = 	 {2010},
  publisher =    {Soc. Expl. Geophys.},
  pages = {3092-3096}
}

@article{fomellowrankgp,
  AUTHOR = {S[] Fomel and L[] Ying and X[] Song},
  TITLE = {Seismic wave extrapolation using lowrank symbol approximation},
  year = 	 {2013},
  journal =      {Geophysical Prospecting},
  volume = {61},
  pages = {526-536}
}


@inproceedings{fowler2010,
  AUTHOR = {P[] Fowler and X[] Du and R[] Fletcher},
  TITLE = {Recursive integral time extrapolation methods for scalar waves},
  booktitle =    {80th Ann. Internat. Mtg.},
  year = 	 {2010},
  publisher =    {Soc. Expl. Geophys.},
  pages = {3210-3215}
}

@ARTICLE{kindelan,
  author = {M[] Kindelan and A[] Kamel and P[] Sguazzero},
  title = {On the construction and efficiency of staggered numerical differentiators for the wave equation},
  journal = {Geophysics},
  year = {1990},
  volume = {55},
  number = {1},
  publisher = {seg},
  pages = {107-110}
}

@Article{levander,
  author  = {A[array] R[] Levander},
  title   = {Fourth-order finite-difference P-SV seismograms},
  journal = {Geophysics},
  year    = {1988},
  volume  = {53},
  number  = {11},
  pages   = {1425-1436},
}

@Article{liuomp,
  author =       {Y[] Liu},
  title =        {Globally optimal finite-difference schemes based on least squares},
  journal =      {Geophysics},
  year =         2013,
  volume =       78,
  pages =        {T113-T132},
  DOI = {10.1190/geo2012-0480.1}
}

@Article{liuimp,
  author =       {Y[] Liu and M[] K[] Sen},
  title =        {An implicit staggered-grid finite-difference method for seismic modelling},
  journal =      {Geophysical Journal International},
  year =         2009,
  volume =       179,
  pages =        {459-474}
}

@Article{madariaga,
  author  = {R[] Madariaga},
  title   = {Dynamics of an expanding circular fault},
  journal = {Bulletin of the Seismological Society of America},
  year    = {1976},
  volume  = {66},
  pages   = {639-666},
}

@Article{mast,
  author =       {T[] D[] Mast and L[] P[] Souriau and D[] Liu and  M[] Tabei and A[] I[] Nachman and R[] C[] Waag},
  title =     {A k-space method for large-scale models of wave propagation in Tissue}, 
  journal = {IEEE Trans. Ultrason. Ferroelect. Freq. Contr.},
  year =         2001,
  volume =       48,
  number =       2,
  pages =        {341-354}
}


@Article{moczo,
  author  = {P[] Moczo and J[] Kristek and V[] Vavrycuk},
  title   = {3D heterogeneous staggered-grid finite-difference modeling of seismic motion with volume harmonic and arithmetic averaging of elastic moduli and densities},
  journal = {Bulletin of the Seismological Society of America},
  year    = {2002},
  volume  = {92},
  pages   = {3042-3066},
}


@INPROCEEDINGS{mmsawe,
  author = {C[] C[] Ober and S[] S[] Collis and  B[] B[] Waanders and C[] Marcinkovich}, 
  title = {Method of Manufactured Solutions For the Acoustic Wave Equation},
  booktitle = {79th Ann. Internat. Mtg.},
  publisher =    {Soc. Expl. Geophys.},
  year = {2009},
  pages = {3615-3619}
}

@Article{operto  ,
  author  = {S[] Operto and J[] Virieux and P[] Amestoy and J[] Y[] Amestoy and J[] Y[] Giraud and H[] B[] H[] Ali},
  title   = {3D finite-difference frequency-domain modeling of visco-acoustic wave propagation using a massively parallel direct solver: A feasibility study},
  journal = {Geophysics},
  year    = {2007},
  volume  = {72},
  pages   = {SM195-SM211},
}

@ARTICLE{pseudo,
  author = {M[] Reshef and D[] Kosloff and M[] Edwards and C[] Hsiung},
  title = {Three-dimensional acoustic modeling by the {F}ourier method},
  journal = {Geophysics},
  year = {1988},
  volume = {53},
  publisher = {SEG},
  pages = {1175-1183}
}


@Article{robertsson,
  author  = {J[] O[] A [] Robertsson and J[] O[] Blanch and W[] W[] Symes },
  title   = {Viscoelastic finite-difference modeling},
  journal = {Geophysics},
  year    = {1994},
  volume  = {59},
  pages   = {1444-1456},
}


@INPROCEEDINGS{mms,
  AUTHOR  = {K[] Salari and P[] Knupp},
  TITLE   = {Code verification by the method of manufactured solutions},
  booktitle = {Sandia National Labs., Albuquerque, NM (US); Sandia National Labs., Livermore, CA (US)},
  year    = {2000},
  pages   = {No. SAND2000-1444},
}


@article{songx,                                                              
       AUTHOR = {X[] Song and S[] Fomel},
       TITLE = {Fourier finite-difference wave propagation},                
       journal = {Geophysics}, 
       year =  {2011},
       publisher =    {Soc. Expl. Geophys.}, 
       volume = {76},
       number = {5},
       pages = {T123-T129}
}   


@article{songlfd,
  AUTHOR = {X[] Song and S[] Fomel and L[] Ying},
  TITLE = {Lowrank finite-differences and lowrank Fourier finite-differences for seismic wave extrapolation},
  journal = {Geophysical Journal International},
  year = 	 {2013},
  volume =       193,
  number = {2},
  pages = {960-969},
  doi ={10.1093/gji/ggt017}
}


@inproceedings{songffd,
  AUTHOR = {X[] Song and K[] Nihei and J[] Stefani},
  TITLE = {Seismic modeling in acoustic variable-density media by Fourier finite differences},
  booktitle =    {82th Ann. Internat. Mtg.},
  year = 	 {2012},
  publisher =    {Soc. Expl. Geophys.},
  pages = {1-6}
}

@inproceedings{yu,
  author =	 {R[] Soubaras and Y[] Zhang},
  title = 	 {Two-step explicit marching method for reverse time migration},
  booktitle =    {78th Ann. Internat. Mtg.},
  year = 	 {2008},
  publisher =    {Soc. Expl. Geophys.},
  pages =        {2272-2276}
}


@Article{tabei,
  author =       {M[] Tabei and T[] D[] Mast and R[] C[] Waag},
  title =     {A k-space method for coupled first-order acoustic propagation equations}, 
  journal = {J. Acoust. Soc. Am.},
  year =         2002,
  volume =       111,
  number =       1,
  pages =        {53-63}
}

@Article{geller2,
  author =       {N[] Takeuchi and R[] J[] Geller},
  title =        {Optimally accurate second order time-domain finite difference scheme for computing synthetic seismograms in 2-{D} and 3-{D} media},
  journal =      {Phys. Earth Planet. Int.},
  year =         2000,
  volume =       119,
  pages =        {99-131}
}

@Article{tal,
  author =       {H[] Tal-Ezer and D[] Kosloff and Z[] Koren},
  title =        {An accurate scheme for seismic forward modeling},
  journal =      {Geophysical Prosecting},
  year =         1987,
  volume =       35,
  pages =        {479-490}
}


@Article{virieux1984,
  author  = {J[] Virieux},
  title   = {SH-wave propagation in heterogeneous media: Velocity-stress finite-difference method},
  journal = {Geophysics},
  year    = {1984},
  volume  = {49}, 
  number  = {11},
  pages   = {1933-1942},
}


@Article{virieux1986,
  author  = {J[] Virieux},
  title   = {P-SV wave propagation in heterogeneous media: Velocity-stress finite-difference method},
  journal = {Geophysics},
  year    = {1986},
  volume  = {51},
  number  = {4},
  pages   = {889-901},
}


@inproceedings{wards2008,
  AUTHOR = {B[] Wards and G[] Margrave and M[] Lamoureux},
  TITLE = {Phase-shift time-stepping for reverse-time migration},
  booktitle =    {78th Ann. Internat. Mtg.},
  year = 	 {2008},
  publisher =    {Soc. Expl. Geophys.},
  pages = {2262-2266}
}


@article{wu1996,
  AUTHOR = {W[] Wu and L[arry] R[] Lines and H[] Lu},
  TITLE = {Analysis of high-order, finite-difference schemes in 3-D reverse-time migration},
  journal = {Geophysics},
  year = 	 {1996},
  number = {61},
  pages = {845-856}
}

@article{zhang09,
  author = {Y[] Zhang and G[] Zhang},
  title = {one-step extrapolation method for reverse time migration},
  journal = {Geophysics},
  year = {2009},
  volume = {74},
  number = {4},
  publisher = {seg},
  pages = {A29-A33}
}



@inproceedings{zhang07,
  author =	 {Y[] Zhang  and G[] Zhang and D[] Yingst and J[] Sun},
  title = 	 {Explicit marching method for reverse time migration},
  booktitle =    {76th Ann. Internat. Mtg.},
  year = 	 {2007},
  publisher =    {Soc. Expl. Geophys.},
  pages =        {2300-2304}
}



% --------------------------------------------------

@book{aki,
  AUTHOR = {K[] Aki and P[] Richards},
  TITLE = {Quantitative Seismology},
  year = 	 {1980},
  publisher =    {W. H. Freeman Co.},
}

@ARTICLE{etgen,
  author = {J[] Etgen},
  title = {Accurate wave equation modeling},
  journal = {SEP-60},
  year = {1989},
  publisher = {Stanford Exploration Project},
  pages = {131-148}
}

@Article{geller1,
  author =       {R[] J[] Geller and N[] Takeuchi},
  title =        {Optimally accurate second-order time domain finite difference scheme for the elastic equation of motion: 1-{D} case},
  journal =      {Geophys. J. Int.},
  year =         1998,
  volume =       135,
  pages =        {48-62}
}

@Article{gellerg,
  author =       {R[] J[] Geller and N[] Takeuchi},
  title =        {A new method for computing highly accurate {DSM} synthetic seismograms},
  journal =      {Geophys. J. Int.},
  year =         1995,
  volume =       123,
  pages =        {449-470}
}



@Article{liu,
  author =       {Y[] Liu and M[] K[] Sen},
  title =        {A new time-space domain high-order finite-difference method for the acoustic wave equation},
  journal =      {Journal of Computational Physics},
  year =         2009,
  volume =       228,
  pages =        {8779-8806}
}

@inproceedings{songlfdseg,
  AUTHOR = {X[] Song and S[] Fomel and L[] Ying and T[] Ding},
  TITLE = {Lowrank finite-difference for wave extrapolation},
  booktitle =    {81th Ann. Internat. Mtg.},
  year = 	 {2011},
  publisher =    {Soc. Expl. Geophys.},
  pages = {3372-3376}
}


