@Article{stark,
  author = 	 {T[] Stark},
  title = 	 {TBD},
  journal = 	 {TLE},
  year = 	 2004
}

@Article{bienati,
  author = 	 {N[] Bienati and U[] Spagnolini},
  title = 	 {Multidimensional wavefront estimation from 
differential delays},
  journal = 	 {IEEE Trans. on Geoscience and Remote Sensing},
  year = 	 2001,
  volume =	 39,
  number =	 3,
  pages =	 {655-664}
}

@incollection{exxon,
	author=	{D[] Hinkley and G[] W[] Bear and C[] Dawson},
	year=	2004,
	title=	{Prestack gather flattening for {AVO}},
	publisher=	{Soc. of Expl. Geophys.},
	booktitle=	{74th Ann. Internat. Mtg.},
	pages=	{2329-2329},
	}

@Book{dmo,
  editor =       {D[] Hale},
  title =        {{DMO} processing},
  publisher =    {Soc. of Expl. Geophys.},
  year =         1995
}

@Article{dso,
  author =       {W[] A[] Mulder and A[] P[] E[] ten~Kroode},
  title =        {Automatic velocity analysis by differential semblance optimization},
  journal =      {Geophysics},
  year =         2002,
  volume =       67,
  number =       04,
  pages =        {1184-1191}
}

@Article{kim,
  author =       {S[] Kim and W[] W[] Symes},
  title =        {Smooth detectors of linear phase},
  journal =      {Inverse Problems},
  year =         1998,
  volume =       14,
  pages =        {101-112}
}

@Article{pwd,
  author =       {S[ergey] Fomel},
  title =        {Applications of plane-wave destruction filters},
  journal =      {Geophysics, accepted for publication},
  year =         2002,
}

@Article{symes,
  author =       {W[] W[] Symes},
  title =        {The plane wave detection problem},
  journal =      {Inverse Problems},
  year =         1994,
  volume =       10,
  pages =        {1361-1391}
}

@book{pvi,
   author = {J[on] F[] Claerbout},
   publisher = {Blackwell Scientific Publications},
   title = {{Earth Soundings Analysis: Processing Versus Inversion}},
   year = {1992}
}

@incollection{pmig,
	author=	{S[] Fomel},
	year=	2005,
	title=	{Velocity-independent time-domain seismic imaging using
local event slopes},
	publisher=	{Soc. of Expl. Geophys.},
        pages = {2269-2272},
	booktitle=	{75th Ann. Internat. Mtg}
	}

@incollection{alejandro,
	author=	{A[lejandro] A[] Valenciano and M[organ] Brown and A[ntoine] Guitton and M[auricio] D[] Sacchi},
	year=	2004,
	title=	{Interval velocity estimation using edge-preserving 
regularization},
	publisher=	{Soc. of Expl. Geophys.},
        pages = {2431-2434},
	booktitle=	{74th Ann. Internat. Mtg}
	}

@Article{clapp,
  author = 	 {R[obert] G[] Clapp and B[iondo] Biondi and J[on] F[] 
Claerbout},
  title = 	 {Incorporating geologic information into reflection tomography},
  journal = 	 {Geophysics},
  year = 	 2004,
  volume =	 69,
  pages =	 {533-546}
}

@Article{antoine,
  author = 	 {A[] Guitton},
  title = 	 {Multiple attenuation in complex geology with a pattern-based approach},
  journal = 	 {Geophysics},
  year = 	 2005,
  volume =	 70,
  pages =	 {V97-V107}
}

@incollection{us,
	author=	{S[] Fomel and A[] Guitton},
	year=	2005,
	title=	{Model preconditioning by plane-wave construction in geophysical
estimation problems},
	publisher=	{Soc. of Expl. Geophys.},
        pages = {2601-2604},
	booktitle=	{75th Ann. Internat. Mtg}
	}

@incollection{shape,
	author=	{S[] Fomel},
	year=	2005,
	title=	{Shaping regularization in geophysical estimation problems},
	publisher=	{Soc. of Expl. Geophys.},
        pages = {1673-1676},
	booktitle=	{75th Ann. Internat. Mtg}
	}

@Article{dijkstra,
  author = 	 {Dijkstra, E.W.},
  title = 	 {A Note on Two Problems in Connection with Graphs},
  journal = 	 {Numerische Mathematik},
  year = 	 1959,
  volume =	 1,
  pages =	 {269-271}
}

@Book{bei,
  author =	 {J[on] F[] Claerbout},
  title = 	 {Basic {Earth} Imaging},
  publisher = 	 {Stanford Exploration Project, 
\texttt{http://sepwww.stanford.edu/sep/prof/}},
  year = 	 2005
}

@Book{tarantola,
  author =	 {A[] Tarantola},
  title = 	 {Inverse Problem Theory and Methods for Model Parameter Estimation},
  publisher = 	 {SIAM},
  year = 	 2004
}

@ARTICLE {harlan,
  author       = {W[illiam] S[] Harlan},
  journal      =
  {\newline http://billharlan.com/pub/papers/regularization.pdf},
  title        = {Regularization by Model Redefinition},
  year         = {1995}
}
