
@article{Nichols.1996,
   author = {D[ave] Nichols},
   title = {Personal communication},
   year = {1996}
}

@article{Huffman,
   author = {D[] A[] Huffman},
   journal = {Proceedings of the IRE},
   title = {A method for the construction of minimum-redundancy codes},
   pages = {1098--1101},
   year = {1952},
   volume = {40},   
   number = {9}
}

@inproceedings{Donoho.segab.95.160,
   author = {P[aul] L[] Donoho and R[aymond] A[] Ergas and J[ohn] D[] 
                      Villasenor},
   booktitle = {Expanded Abstracts},
   pages = {160--163},
   publisher = {Soc. Expl. Geophys.},
   title = {High-performance seismic trace compression},
   year = {1995a},
   meeting = "65th Ann. Internat. Mtg."
}

@inproceedings{Stigant.segab.95.960,
   author = {J[onathan] P[] Stigant and R[aymond] A[] Ergas and P[aul] L[] 
              Donoho and A[nthony] S[] Minchella and P[ierre] Y[] Galibert}, 
   booktitle = {Expanded Abstracts},
   pages = {960--962},
   publisher = {Soc. Expl. Geophys.},
   title = {Field trial of seismic compression for real-time transmission},
   year = {1995b},
   meeting = "65th Ann. Internat. Mtg."
}

@inproceedings{Bradley.ieee.94.205,
   author = {J[onathan] N[] Bradley and C[hristopher] M[] Brislawn},
   pages = {205-208},
   title = {Wavelet/scalar quantization compression standard for digital 
            fingerprint images},
   year = {1994},
   meeting = {Proceedings of the 1994 IEEE International Symposium on 
                Circuits and Systems},
}

@article{Villasenor.ieee.95.1053,
   author = {J[ohn] D[] Villasenor and B[enjamin] Belzer and J[udy] Liao},
   journal = {IEEE Transactions on Image Processing},
   pages = {1053--1060},
   title = {Wavelet filter evaluation for image compression},
   volume = {4},
   year = {1995}
}

@book{Daubechies,
author = {I[] Daubechies},
title = {Ten Lectures on Wavelets},
publisher = {Philadelphia, SIAM},
year = {1992}
}

@book{Storer,
author = {J[] A[] Storer},
title = {Data Compression},
publisher = {Computer Science Press},
year = {1988}
}

@book{Nelson.data,
author = {M[ark] Nelson},
title = {The Data Compression Book},
publisher = {The M\&T Books},
year = {1995}
}

@book{Cohen.note,
author = {J[ack] K[] Cohen},
title = {Wavelets \--- A New Orthonormal Basis},
publisher = {Colorado School of Mines},
year = {1992}
}

@book{Barnsley.frac,
author = {M[] F[] Barnsley},
title = {Fractals Everywhere},
publisher = {Academic Press, San Diego},
year = {1993}
}

@book{Mandelbrot.frac,
author = {B[] B[] Mandelbrot},
title = {The Fractal Geometry of Nature},
publisher = {W. H. Freeman and Company, New York},
year = {1983}
}

@book{Wang.wlt,
author = {Z[henli] Wang},
title = {Seismic data compression using wavelet transform},
publisher = {Oil Geophysical Prospecting, In Chinese},
year = {1995}
}

@book{Claerbout.tdf.82,
   author = {J[on] F[] Claerbout},
   publisher = {Stanford Exploration Project},
   title = {Applications of {T}hree-{D}imensional {F}iltering},
   year = {1994}
}

