@Article{shape,
  author = 	 {S[] Fomel},
  title = 	 {Shaping regularization in geophysical-estimation
  problems},
  journal = 	 {Geophysics},
  pages =	 {R29-R36},
  year = 	 2007,
  volume =	 72
}

@Article{lpf,
  author = 	 {S[] Fomel},
  title = 	 {Adaptive multiple subtraction using regularized nonstationary regression},
  journal = 	 {Geophysics},
  year = 	 2009,
  volume =	 74,
  pages =	 {V25-V33}
}

@Article{yang,
  author = 	 {Y[] Liu and S[] Fomel},
  title = 	 {Seismic data interpolation beyond
aliasing using regularized nonstationary autoregression},
  journal = 	 {Geophysics},
  year = 	 2011,
  volume =	 76,
  pages =	 {V69-V77}
}

@article{guochang,
author = {Guochang Liu and Xiaohong Chen and Jing Du and Kailong Wu},
collaboration = {},
title = {Random noise attenuation using $f$-$x$ regularized nonstationary autoregression},
publisher = {SEG},
year = {2012},
journal = {Geophysics},
volume = {77},
number = {2},
pages = {V61-V69},
keywords = {noise; processing; random; least squares},
url = {http://link.aip.org/link/?GPY/77/V61/1},
doi = {10.1190/geo2011-0117.1}
}

@article{guochang2,
  title={Noncausal $f$-$x$-$y$ regularized nonstationary prediction filtering for random noise attenuation on {3D} seismic data},
  author={Liu, Guochang and Chen, Xiaohong},
  journal={Journal of Applied Geophysics},
  year={2013},
  volume={93},
  pages={60-66},
  publisher={Elsevier}
}

@Book{mallat,
  author =	 {S[tephane] Mallat},
  title = 	 {A Wavelet Tour of Signal Processing: The Sparse Way},
  publisher = 	 {Academic Press},
  year = 	 2009
}

@article {herrmann,
	title = {Non-parametric seismic data recovery with curvelet frames},
	journal = {Geophysical Journal International},
	volume = {173},
	year = {2008},
	pages = {233-248},
	keywords = {Acquisition, curvelet transform, reconstruction, SLIM},
	url = {https://www.slim.eos.ubc.ca/Publications/Public/Journals/Geophysical Journal International/2008/herrmann08nps/herrmann08nps.pdf},
	author = {Felix J. Herrmann and Gilles Hennenfent}
}

@Article{seislet,
  author = 	 {S[] Fomel and Y[] Liu},
  title = 	 {Seislet transform and seislet frame},
  journal = 	 {Geophysics},
  year = 	 2010,
  volume =	 75,
  pages =	 {V25-V38}
}

@Article{emd,
  author = 	 {Norden E. Huang and Zheng Shen and Steven R. Long and Manli C. Wu and Hsing H. Shih and Quanan Zheng and Nai-Chyuan Yen and Chi Chao Tung and Henry H. Liu},
  title = 	 {The empirical mode decomposition and the {Hilbert} spectrum for nonlinear and non-stationary time series analysis},
  journal = 	 {Proceeding of the Royal Society of London Series A},
  year = 	 1998,
  volume = 	 454,
  pages = 	 {903-995}}

@Article{battista,
  author = 	 {Bradley Matthew Battista and Camelia Knapp and Tom McGee and Vaughn Goebel},
  title = 	 {Application of the empirical mode decomposition and
{Hilbert-Huang} transform to seismic reflection data},
  journal = 	 {Geophysics},
  year = 	 2007,
  volume = 	 72,
  number = 	 2,
  pages = 	 {H29-H37}}

@Article{bekara,
  author = 	 {M[] Bekara and Mirko van~der~Baan},
  title = 	 {Random and coherent noise attenuation by empirical mode decomposition},
  journal = 	 {Geophysics},
  year = 	 2009,
  volume = 	 74,
  number = 	 5,
  pages = 	 {V89-V98}}

@Article{daubechies,
  author = 	 {Ingrid Daubechies and Jianfeng Lu and Hau-Tieng Wu},
  title = 	 {Synchrosqueezed wavelet transforms: {An} empirical mode decomposition-like tool},
  journal = 	 {Applied and Computational Harmonic Analysis},
  year = 	 2011,
  volume = 	 30,
  number = 	 2,
  pages = 	 {243-261}}

% ALTeditor = 	 {A. Aldroubi and M. Unser},

@InBook{squeeze,
  author = 	 {I. Daubechies and S. Maes},
  title = 	 {Wavelets in medicine and biology},
  chapter = 	 {A nonlinear squeezing of the continuous wavelet transform based on auditory nerve models},
  publisher = 	 {CRC Press},
  year = 	 1996,
  pages = 	 {527-546}}

@incollection{liu2010,
author = {Y[] Liu and S[ergey] Fomel},
title = {Local time-frequency transform and its application to ground-roll noise attenuation},
booktitle = {80th Ann. Internat. Mtg.},
year = {2010},
publisher = {Soc. Expl. Geophys.},
pages = {3711-3716}
}

@article{liu2012,
author = {Y[] Liu and S[ergey] Fomel},
title = {Seismic data analysis using local
  time-frequency decomposition},
journal = {Geophysical Prospecting},
year = {2013},
volume = {61},
pages = {516-525}
}

@Book{marple,
  author = 	 {S[] L[] Marple},
  title = 	 {Digital spectral analysis with applications},
  publisher = 	 {Prentice-Hall},
  year = 	 1987}

@Article{pisarenko,
  author = 	 {V[] F[] Pisarenko},
  title = 	 {The retrieval of harmonics from a covariance function},
  journal = 	 {Journal of the Royal Astronomical Society},
  year = 	 1973,
  volume = 	 33,
  pages = 	 {347-366}}

@Article{prony,
  author = 	 {R[] Prony},
  title = 	 {Essai exp\'{e}rimental et analytique},
  journal = 	 {Annuaire de l'\'{E}cole Polytechnique},
  year = 	 1795,
  volume = 	 1,
  number = 	 2,
  pages = 	 24}

@ARTICLE{guochang2011,
author = {G[uochang] Liu and S[ergey] Fomel and X[iaohong] Chen},
title = {Time-frequency analysis of seismic data using local attributes},
journal = {Geophysics},
year = {2011},
volume = {76},
pages = {P23-P34},
}

@Article{us,
  author = 	 {S[] A[] Gritsenko and S[] Fomel and V[] S[] Chernyak},
  title = 	 {Filtering using {Prony}'s method},
  journal = 	 {Geofizika},
  year = 	 2001,
  number = 	 6,
  pages = 	 {24-26 (in Russian)}}

@Article{roots,
  author = 	 {K. Toh and L.N. Trefethen},
  title = 	 {Pseudozeros of polynomials and pseudospectra
of companion matrices},
  journal = 	 {Mathematik},
  year = 	 1994,
  volume = 	 68,
  pages = 	 {403-425}}

@Article{attr,
  author = 	 {S[] Fomel},
  title = 	 {Local seismic attributes},
  journal = 	 {Geophysics},
  year = 	 2007,
  volume = 	 72,
  pages = 	 {A29-A33}}

@book{gardner,
	Date-Added = {2012-03-14 22:46:02 +0000},
	Date-Modified = {2012-03-14 22:48:12 +0000},
	Editor = {G. H. F. Gardner and L. Lu},
	Publisher = {Society of Exploration Geophysicists},
	Series = {Issue 14 of Geophysics reprint series},
	Title = {Slant-stack processing},
	Year = {1991}}

@article{han,
author = {Han, J. and van~der~Baan, M.},
title = {Empirical mode decomposition for seismic time-frequency analysis},
journal = {Geophysics},
volume = {78},
number = {2},
pages = {O9-O19},
year = {2013},
doi = {10.1190/geo2012-0199.1},
URL = {http://library.seg.org/doi/abs/10.1190/geo2012-0199.1},
eprint = {http://library.seg.org/doi/pdf/10.1190/geo2012-0199.1}
}

@incollection{henry,
author = {Roberto H. Herrera and Jean-Baptiste Tary and Mirko van~der~Baan},
title = {Time-Frequency Representation of Microseismic Signals using the Synchrosqueezing Transform},
booktitle = {Geoconvention},
year = {2013},
publisher = {Can. Soc. Expl. Geophys.}
}

@article{hou2,
  title={Data-driven time-frequency analysis},
  author={Hou, Thomas Y and Shi, Zuoqiang},
  journal={Applied and Computational Harmonic Analysis},
  year={2013},
  volume = {35},
  pages={284â€“308},
  publisher={Elsevier}
}

@article{hou,
  title={Adaptive data analysis via sparse time-frequency representation},
  author={Hou, Thomas Y and Shi, Zuoqiang},
  journal={Advances in Adaptive Data Analysis},
  volume={3},
  number={01n02},
  pages={1-28},
  year={2011},
  publisher={World Scientific}
}

@article{mitrofanov2011,
  title={Prony filtration of seismic data: theoretical background},
  author={Mitrofanov, Georgy Mikhailovich and Priimenko, Viatcheslav Ivanovich},
  journal={Revista Brasileira de Geof\'{\i}sica},
  volume={29},
  number={4},
  year={2011}
}

@article{beylkin,
  title={On approximation of functions by exponential sums},
  author={Beylkin, Gregory and Monz{\'o}n, Lucas},
  journal={Applied and Computational Harmonic Analysis},
  volume={19},
  number={1},
  pages={17-48},
  year={2005},
  publisher={Elsevier}
}

@article{eemd,
  title={Ensemble empirical mode decomposition: a noise-assisted data analysis method},
  author={Wu, Zhaohua and Huang, Norden E},
  journal={Advances in Adaptive Data Analysis},
  volume={1},
  number={01},
  pages={1--41},
  year={2009},
  publisher={World Scientific}
}

@Book{engl,
  author =	 {H[] Engl and M[] Hanke and A[] Neubauer},
  title = 	 {Regularization of Inverse Problems},
  publisher = 	 {Kluwer Academic Publishers},
  year = 	 1996
}
