@article{marmousi,
   author = {R[] Versteeg},
   journal = {The Leading Edge},
   number = {09},
   pages = {927-936},
   publisher = {Soc. of Expl. Geophys.},
   title = {The {M}armousi experience: {V}elocity model determination on a synthetic complex data set},
   volume = {13},
   year = {1994}}


@article{sava,
   author = {P[] C[] Sava and S[] Fomel},
   journal = {Geophysics},
   number = {3},
   pages = {1065-1074},
   publisher = {Soc. of Expl. Geophys.},
   title = {Angle-domain common-image gathers by wavefield continuation methods},
   volume = {68},
   year = {2003}}

@Book{bleistein,
  author =	 {N[] Bleistein and J[] K[] Cohen and J[] W[] Stockwell},
  title = 	 {Mathematics of multidimensional seimsic imaging, migration, and inversion},
  publisher = 	 {Springer},
  year = 	 {2001}
}

@Book{boyd,
  author = {J[] P[] Boyd},
  title = {Chebyshev and {Fourier} spectral methods, 2nd ed. (revised)},
  year = {2001},
  publisher = {Dover Publications}
}


@Article{cfs,
  author =	 {M[aria] Cameron and S[ergey] Fomel and J[ames] Sethian},
  title = 	 {Seismic velocity estimation from time migration},
  journal = 	 {Inverse Problems},
  volume =    {23},
  year  = {2007},
  pages = {1329-1369}
}

@Article{camseth,
  author =	 {M[aria] Cameron and J[ames] Sethian},
  title = 	 {Study of a {Cauchy} problem for a nonlinear elliptic {PDE} for seismic velocity estimation from time migration},
  journal = 	 {Inverse Problems, submitted},
  year  = {2008},
}


@preamble{"\providecommand{\SortNoop}[1]{}"}
@Book{cerveny,
  author = {V[] {\SortNoop{Cerveny}}\v{C}erven\'{y}},
  title = {Seismic Ray Method},
  year = {2001},
  publisher = {Cambridge University Press}
}

@Article{dix,
author = {C.~H. Dix},
title = {Seismic velocities from surface measurements},
journal = {Geophysics},
volume = {20},
year = {1955},
pages = {68 - 86}
}

@Article{fomel,
author = {S[ergey] Fomel},
title = {Time-migration velocity analysis by velocity continuation},
journal  =  {Gephysics},
volume = {68},
year = {2003},
pages = {1662-1672}
}

@Book{popov,
  author =	 {M[ikhail] M[ikhailovich] Popov},
  title = 	 {Ray theory and {Gaussian} beam method for geophysicists},
  publisher = 	 {EDUFBA},
  year = 	 {2002}
}

@Article{popov-psencik,
  author = 	 {M[] M[] Popov and I[] P\v{s}en\v{c}ik},
  title = 	 {Computation of ray amplitudes in inhomogeneous media with curved interfaces},
  journal = 	 {Studia Geophysica et Geodaetica},
  year = 	 {1978},
  volume =	 {22},
  pages =	 {248-258}
}

@Article{hubral,
  author =	 {P[eter] Hubral},
  title = 	 {Time migration -- some ray theoretical aspects },
  journal = 	 {Geophysical prospecting},
  volume = {25},
  year = 	 {1977},
  pages = {738-745}
}

@Article{miller,
  author = 	 {D[] Miller and M[] Oristaglio and G[] Beylkin},
  title = 	 {A new slant on seismic imaging --- {Migration} and integral geometry},
  journal = 	 {Geophysics},
  volume =	 {52},
  year = 	 {1987},
  pages =	 {943-964}
}

@Article{SethFast,
  author =	 {J[ames] Sethian},
  title = 	 {Fast Marching Methods },
  journal = 	 {SIAM Review},
  volume = {41},
  year = 	 {1999},
  pages = {199-235}
}

@Article{Sethian1996,
  author =	 {J[ames] Sethian},
  title = 	 {Fast marching level set method for monotonically advancing fronts },
  journal = 	 {Proceedings of the National Academy of Sciences},
  volume = {93},
  pages = {1591-1595},
  year = 	 {1996}
}


@Article{tygel01,
  author = 	 {M[] Tygel and J[] Schleicher and L[] T[] Santos and P[] Hubral},
  title = 	 {The {Kirchhoff-Helmholtz} integral pair},
  journal = 	 {Journal of Computational Acoustics},
  year = 	 {2001},
  volume =	 {9},
  pages =	 {1383-1394}
}

@Article{beylkin,
  author = 	 {G[] Beylkin},
  title = 	 {Imaging of discontinuities in the inverse scattering problem by inversion of a causal generalized {Radon} transform},
  journal = 	 {J. of Math. Phys.},
  year = 	 {1985},
  volume =	 {26},
  pages =	 {99-108}
}

@Book{yilmaz,
  author =	 {O[z] Yilmaz},
  title = 	 {Seismic data analysis},
  publisher = 	 {Soc. of Expl. Geophys.},
  year = 	 {2001}
}


@Article{lax,
  author = 	 {P[eter] D[] Lax},
  title = 	 {Weak solutions of hyperbolic equations and their numerical computation},
  journal = 	 {Communications in Pure and Applied Mathematics},
  year = 	 {1954},
  volume =	 {7},
  pages =	 {159-193}
}
