@article{adalseth,
  author =	 {D[avid] Adalsteinsson and J[ames] Sethian},
  title = 	 {Transport and diffusion of material quantities on propagating interfaces 
  via level set methods},
  journal = 	 {Journal of computational physics},
  volume = 185,
  number = 1,
  year = 	 2002,
  pages = {271-288}
}

@Article{beylkin,
  author = 	 {G[] Beylkin},
  title = 	 {Imaging of discontinuities in the inverse scattering problem by inversion of a causal generalized {Radon} transform},
  journal = 	 {J. of Math. Phys.},
  year = 	 1985,
  volume =	 26,
  pages =	 {99-108}
}

@article{oshersethian,
  author =	 {S[] Osher and J[ames] Sethian},
  title = 	 {Front propagating with curvature dependent speed: algorithms based
  on Hamilton-Jacobi formulations},
  journal = 	 {Journal of computational physics},
  volume = {79},
  year = 	 {1988},
  pages = {12-49}
}

@article{shah1973b,
  author =	 {P[] Shah},
  title = 	 {Use of wavefront curvature to relate seismic data with subsurface parameters},
  journal = 	 {Geophysics},
  volume = {38},
  year = 	{1973},
  pages = {813-825}
}

@Book{cwp,
  author =	 {N[] Bleistein and J[] K[] Cohen and J[] W[] Stockwell},
  title = 	 {Mathematics of multidimensional seismic imaging, migration, and inversion},
  publisher = 	 {Springer},
  year = 	 2001
}

@Article{hron,
  author = 	 {V[] \v{C}erven\'{y} and F[] Hron},
  title = 	 {The ray series method and dynamic
ray tracing system for three-dimensional inhomogeneous media},
  journal = 	 {Bull. Seismol. Soc. Am.},
  year = 	 1980,
  volume =	 70,
  pages =	 {47-77}
}

@Book{hubralkrey,
  author =	 {P[eter] Hubral and T[heodor] Krey},
  title = 	 {Interval velocities from seismic reflection time measurements},
  publisher = 	 {Soc. of Expl. Geoph.},
  year = 	 {1980}
}

@Book{sethian,
  author =	 {J[ames] Sethian},
  title = 	 {Level set methods and fast marching methods},
  publisher = 	 {Cambridge University Press},
  year = 	 {1999}
}

@PhdThesis{thesis,
  author = 	 {M[aria] Cameron},
  title = 	 {Finding seismic velocities from surface measurements},
  school = 	 {University of California at Berkeley},
  year = 	 2007,
  note =	 {in progress}
}

@Article{tygel,
  author = 	 {M[] Tygel and J[] Schleicher and L[] T[] Santos and P[] Hubral},
  title = 	 {The {Kirchhoff-Helmholtz} integral pair},
  journal = 	 {Journal of Computational Acoustics},
  year = 	 2001,
  volume =	 9,
  pages =	 {1383-1394}
}

@article{yilmaz2,
   author = {O[] Yilmaz and I[] Tanir and C[] Gregory},
   journal = {Geophysics},
   number = {6},
   pages = {1699-1713},
   publisher = {Soc. of Expl. Geophys.},
   title = {A unified 3-{D} seismic workflow},
   volume = {66},
   year = {2001}
}

@Article{dix1955,
  author = 	 {C[] H[] Dix},
  title = 	 {Seismic velocities from surface measurements},
  journal = 	 {Geophysics},
  year = 	 1955,
  volume =	 20,
  pages =	 {68-86}
}


@Article{fomel2003,
  author = 	 {S[] Fomel},
  title = 	 { Time-migration velocity analysis by velocity continuation},
  journal = 	 {Geophysics},
  year = 	 2003,
  volume =	 68,
  pages =	 {1662-1672}
}

@Article{hatton,
  author = 	 {L[] Hatton and L[] K[] Larner and B[] S[] Gibson},
  title = 	 {Migration of seismic data from inhomogeneous media},
  journal = 	 {Geophysics},
  year = 	 1981,
  volume =	 46,
  pages =	 {751-767}
}

@Article{hubral1977,
  author = 	 {P[] Hubral},
  title = 	 {Time migration - {Some} ray theoretical aspects},
  journal = 	 {Geophysical Prospecting},
  year = 	 1977,
  volume =	 25,
  pages =	 {738-745}
}

@Article{kim,
  author = 	 {Y[] C[] Kim and W[] B[] Hurt and L[] J[] Maher and P[] J[] Starich},
  title = 	 {Hybrid migration: {A} cost-effective {3-D} depth-imaging technique},
  journal = 	 {Geophysics},
  year = 	 1997,
  volume =	 62,
  pages =	 {568-576}
}

@Article{larner,
  author = 	 {K[] L[] Larner and L[] Hatton and B[] S[] Gibson and I[] S[] Hsu},
  title = 	 {Depth migration of imaged time sections},
  journal = 	 {Geophysics},
  year = 	 1981,
  volume =	 46,
  pages =	 {734-750}
}

@Book{robein,
  author =	 {E[tienne] Robein},
  title = 	 {Velocities, time-imaging and depth-imaging in reflection seismics},
  publisher = 	 {EAGE},
  year = 	 2003
}

@article{plumes,
   author = {D[] Bevc and J[] L[] Black and G[] Palacharla},
   journal = {Geophysics},
   number = {04},
   pages = {1118-1127},
   publisher = {Soc. of Expl. Geophys.},
   title = {Plumes: {R}esponse of time migration to lateral velocity variation},
   volume = {60},
   year = {1995}}

@inproceedings{siliqi,
   author = {R[] Siliqi and N[] Bousqui\'{e}},
   booktitle = {70th Annual International Meeting},
   pages = {2245-2248},
   publisher = {Soc. of Expl. Geophys.},
   title = {Anelliptic time processing based on a shifted hyperbola approach},
   year = {2000}}

