@book{Claerbout.fgdp.76,
   author = {J[on] F[] Claerbout},
   publisher = {Blackwell},
   title = {Fundamentals of Geophysical Data Processing},
   year = {1976}
}

@Article{bauer,
  author =       {F[] L[] Bauer},
  title =        {Ein direktes iterations verfahren zur Hurwitz-zerlegung eines polynoms},
  journal =      {Arch. Elektr. Uebertragung},
  year =         1955,
  volume =       9,
  pages =        {285-290}
}

@Book{deBoor,
  author =       {C[arl] de Boor},
  title =        {A practical guide to splines},
  publisher =    {Springer-Verlag},
  year =         1978
}

@Book{fung,
  author =       {Y[] C[] Fung},
  title =        {Foundations of solid mechanics},
  publisher =    {Prentice-Hall},
  year =         1965
}

@InCollection{galilee,
  author =       {S[ergey] Fomel  and  J[on] Claerbout},
  title =        {Searching the {Sea of Galilee}: {The} splendors and miseries of iteratively reweighted least squares},
  booktitle =    {SEP-84},
  pages =        {259--270},
  publisher =    {Stanford Exploration Project},
  year =         1995
}

@Article{goodman,
  author =       {T[] N[] T[] Goodman and C[] A[] Micchelli and G[] Rodriguez and S[] Seatzu},
  title =        {Spectral factorization of {Laurent} polynomials},
  journal =      {Advances in Computational Mathematics},
  year =         1997,
  volume =       7,
  pages =        {429-445}
}

@Article{helix0,
  author =       {R[ussell] M[] Mersereau and D[an] E[] Dudgeon},
  title =        {The representation of two-dimensional sequences as one-dimensional sequences},
  journal =      {IEEE Trans. on Acoustics, Speech, and Signal Processing},
  year =         1974,
  volume =       {ASSP-22},
  number =       5,
  pages =        {320-325}
}

@Book{iee,
  author =       {J[on] Claerbout},
  title =        {Image estimation by example: {G}eophysical soundings image construction},
  publisher =    {Stanford Exploration Project},
  year =         {2002},
  address =      {http://sepwww.stanford.edu/sep/prof/}
}

@Article{kailath,
  author =       {A[] H[] Sayed and T[] Kailath},
  title =        {A survey of spectral factorization methods},
  journal =      {Numer. Linear Algebra Appl.},
  year =         2001,
  volume =       8,
  pages =        {467-496}
}

@ARTICLE{kolmog,
  author  = {A[ndr\'{e}] N[] Kolmogoroff},
  title   = {Sur l'interpolation et extrapolation des suites stationnaires},
  journal = {C.R. Acad.Sci.},
  volume  = 208,
  pages   = {2043-2045},
  year    = {1939},
  publisher = {Gauthier-Villars},
  address = {Paris}
}

@Article{laurie,
  author =       {D[] P[] Laurie},
  title =        {Efficient implementation of Wilson's algorithm for factorizing a self-reciprocal polynomial},
  journal =      {BIT},
  year =         1980,
  volume =       20,
  pages =        {257-259}
}

@Article{mitas,
  author =       {H[] Mit\'{a}\v{s}ov\'{a} and L[] Mit\'{a}\v{s}},
  title =        {Interpolation by regularized splines with tension: {I.} {Theory} and implementation},
  journal =      {Mathematical Geology},
  year =         1993,
  volume =       25,
  number =       6,
  pages =        {641-655}
}

@article{mywilson,
author={G[] Wilson},
year={1969},
title={Factorization of the covariance generating function of a pure moving average process},
journal={SIAM J. Numer. Anal.},
volume={6},
number={1},
pages={1-7}}

@Book{oppenheim,
  author =       {A[] V[] Oppenheim and R[] W[] Shafer},
  title =        {Discrete-time signal processing},
  publisher =    {Prentice Hall},
  year =         1989
}

@Article{sandwell,
  author =       {D[avid] T[] Sandwell},
  title =        {Biharmonic spline interpolation of {GEOS-3} and {SEASAT} altimeter data},
  journal =      {Geophys. Res. Letters},
  year =         1987,
  volume =       14,
  number =       2,
  pages =        {139-142}
}

@Article{schur,
  author =       {I[] Schur},
  title =        {\"{U}ber potenzreihen die im Inheren des Einheitskreises beschr\"{a}nkt sind},
  journal =      {Journal f\"{u}r die Reine und Angewandte Mathematik},
  year =         1917,
  volume =       147,
  pages =        {205-232},
  annote =       {[English translation in]}
}

@Article{schweikert,
  author =       {D[aniel] G[] Schweikert},
  title =        {An interpolation curve using a spline in tension},
  journal =      {Journal of Mathematics and Physics},
  year =         1966,
  volume =       45,
  pages =        {312-313}
}

@Article{swain,
  author =       {C[] J[] Swain},
  title =        {A {FORTRAN IV} program for interpolating irregularly spaced data using the difference equations for minimum curvature},
  journal =      {Computers and Geosciences},
  year =         1976,
  volume =       1,
  pages =        {231-240}
}

@Book{timoshenko,
  author =       {S[] Timoshenko and S[] Woinowsky-Krieger},
  title =        {Theory of plates and shells},
  publisher =    {McGraw-Hill},
  year =         1968
}

@Article{zvi,
  author = {Z[vi] Ben-Avraham and G[ideon] Amit and A[ric] Golan and
                  Z[eev] B[inyamin] Begin},
  title =        {The bathymetry of {L}ake {K}inneret and its structural
                  significance },
  journal = {Israel Journal of Earth Sciences},
  year =         {1990},
  volume =       {39},
  pages =        {77-84}
}
