@Article{battista,
  author = 	 {Bradley Matthew Battista and Camelia Knapp and Tom McGee and Vaughn Goebel},
  title = 	 {Application of the empirical mode decomposition and
{Hilbert-Huang} transform to seismic reflection data},
  journal = 	 {Geophysics},
  year = 	 2007,
  volume = 	 72,
  number = 	 2,
  pages = 	 {H29-H37}}

@Article{canales,
  author = 	 {L[] Canales},
  title = 	 {Random noise reduction},
  journal = 	 {SEG expanded abstracts:54th Annual international meeting},
  year = 	 1984,
  pages =	 {525-527}
}

@Article{cai,
  author = 	 {H[] Cai and Z[] He and D[] Huang},
  title = 	 {Seismic data denoising based on mixed time-frequency methods},
  journal = 	 {Applied Geophysics},
  year = 	 2011,
  volume =	 8,
  number= 	 4,
  pages =	 {319-327}
}

@incollection{tow,
author = {S[] Fomel},
title = {Towards the seislet transform},
booktitle = {76th Ann. Internat. Mtg.},
year = {2006},
publisher = {Soc. Expl. Geophys.},
pages = {2847-2851}
}

@Article{seislet,
  author = 	 {S[] Fomel and Y[] Liu},
  title = 	 {Seislet transform and seislet frame},
  journal = 	 {Geophysics},
  year = 	 2010,
  volume =	 75,
  pages =	 {V25-V38}
}

@Article{guo,
  author = 	 {J[] Guo and X[] Zhou and H[] Yang},
  title = 	 {Attenuation of random noise in $f$-$x,y$ domain},
  journal = 	 {Oil Geophysical Prospecting},
  year = 	 1995,
  volume =	 30,
  number=        2,
  pages =	 {207-215}
}

@Article{gao,
  author = 	 {J[] Gao and J[] Mao and W[] Chen and Q[] Zheng},
  title = 	 {On the denoising method of prestack seismic data in wavelet domain},
  journal = 	 {Chinese J. Geophys},
  year = 	 2006,
  volume =	 49,
  number= 	 4,
  annote=        {in Chinese},
  pages =	 {1155-1163}
}
@Article{har,
  author = 	 {P[] Harris and R[] White},
  title = 	 {Improving the performance of f-x prediction at low signal-to-noise ratios},
  journal = 	 {Geophysical Prospecting},
  year = 	 1997,
  volume =	 45,
  pages =	 {269-302}
}


@Article{kang,
  author = 	 {Y[] Kang and C[] Yu and W[] Jia and C[] Wang},
  title = 	 {A study on noise-suppression method in f-x domain},
  journal = 	 {Oil Geophysical Prospecting},
  year = 	 2003,
  volume =	 38,
  number=        2,
  pages =	 {136-138}
}

@Article{emd,
  author = 	 {Norden E. Huang and Zheng Shen and Steven R. Long and Manli C. Wu and Hsing H. Shih and Quanan Zheng and Nai-Chyuan Yen and Chi Chao Tung and Henry H. Liu},
  title = 	 {The empirical mode decomposition and the {Hilbert} spectrum for nonlinear and non-stationary time series analysis},
  journal = 	 {Proceeding of the Royal Society of London Series A},
  year = 	 1998,
  volume = 	 454,
  pages = 	 {903-995}}

@Article{seismiclab,
  author={M[] D[] Sacchi},
  title={http://seismic-lab.physics.ualberta.ca/},
  journal={SeismicLab},
  year={2008},
}


@Article{bekara,
  author = 	 {M[] Bekara and Mirko van~der~Baan},
  title = 	 {Random and coherent noise attenuation by empirical mode decomposition},
  journal = 	 {Geophysics},
  year = 	 2009,
  volume = 	 74,
  number = 	 5,
  pages = 	 {V89-V98}}

@incollection{bekara1,
author = {M[] Bekara and Mirko van~der~Baan},
title = {{F-X} Noise Attenuation by Empirical Mode Decomposition},
year = {2008},
publisher = {ROME Leveraging Technology},

}

@Article{bekara2007,
  author = 	 {M[] Bekara and Mirko van~der~Baan},
  title = 	 {Local singular value decomposition for signal enhancement of seismic data},
  journal = 	 {Geophysics},
  year = 	 2007,
  volume = 	 72,
  number = 	 2,
  pages = 	 {V59-V65}}

@Article{neelamani,
author={R[] Neelamani and A[] Baumstein and D[] Gillard and M[] Hadidi and W[] Soroka},
title={Coherent and random noise attenuation using the curvelet transform},
journal={The Leading Edge},
volume=27,
year=2008,
pages={240-248},
}

@Article{liu,
author={C[] Liu and H[] Li and C[] Tao and Y[] Liu and D[] Wang and C[] Gu},
title={A new fuzzy nesting multilevel median filter and its application to seismic data processing},
journal={Chinese J. Geophysics},
annote={in Chinese},
year=2007,
volume=50,
number=5,
pages={1534-1542},
}
@Article{zhipeng,
author={Z[] Liu and X[] Chen and J[] Li},
title={Noncasual spatial prediction filtering based on an {ARMA} model},
journal={Applied Geophysics},
volume=6,
number=2,
year=2009,
pages={122-128}
}
@Article{guochang,
author={G[] Liu and S[] Fomel and L[] Jin and X[] Chen},
title={Stacking seismic data using local correlation},
journal={Geophysics},
volume=74,
year=2009,
pages={V43-V48}
}
@Article{yang,
author={Y[] Liu and S[] Fomel and C[] Liu and D[] Wang and G[] Liu and X[] Feng},
title={High-order seislet transform and its application of random noise attenuation},
journal={Chinese J. Geophysics},
volume=52,
year=2009,
annote={in Chinese},
pages={2142-2151}
}
@Article{guochang1,
author={G[] Liu and X[] Chen and J[] Du and J[] Song},
title={Seismic noise attenuation using nonstationary polynomial fitting},
journal={Applied Geophysics},
volume=8,
number=1,
year=2011,
pages={18-26},
}
@Article{mayne,
author={W[] Mayne},
title={Common reflection point horizontal data stacking techniques},
journal={Geophysics},
volume=27,
year=1962,
pages={927-938}
}
@Article{su,
  author = 	 {G[] Su and X[] Zhou and C[] Li},
  title = 	 { Prediction noise elimination in $F$-$XYZ$ domain},
  journal = 	 { Oil Geophysical Prospecting},
  year = 	 1998,
  volume = 	 33,
  number = 	 1,
  pages = 	 {95-103}}
@Article{treitel,
  author = 	 {S[] Treitel},
  title = 	 {The complex Wiener filter},
  journal = 	 { Geophysics},
  year = 	 1974,
  volume = 	 39,
  pages = 	 {169-173}}
@Article{tufts,
  author = 	 {D[] Tufts and R[] Kumaresan},
  title = 	 {Estimation of frequencies of multiple sinusoids: {Making} linear prediction perform like maximum likelihood},
  journal = 	 { Proceedings of the IEEE},
  year = 	 1980,
  volume = 	 70,
  pages = 	 {975-989}}

@Book{yilmaz,
  author = 	 {O[] Yilmaz},
  title = 	 { Seismic data analysis: {Processing}, inversion, and interpretation of seismic data},
  publisher = 	 {Soc. Expl. Geophys.},
  year = 	 2001}

@Article{zhang,
  author = 	 {R[] Zhang and T[] Ulrych},
  title = 	 {Physical wavelet frame denoising},
  journal = 	 {Geophysics},
  year = 	 2003,
  volume = 	 68,
  pages = 	 {225-231}}

@Article{zhong,
  author = 	 {W[] Zhong and B[] Yang and Z[] Zhang},
  title = 	 {Research on application of polynomial fitting technique in highly noisy seismic data},
  journal = 	 {Progress in Geophysics},
  year = 	 2006,
  volume = 	 21,
  number = 	 1,
  pages = 	 {184-189}}

@Article{mao2007,
  author = 	 {Y[] Mao and P[] Que},
  title = 	 {Noise suppression and flawdetection of ultrasonic signals via empirical mode decomposition},
  journal = 	 {Rus. J. Nondestruct. Test.},
  year = 	 2007,
  volume = 	 43,
  number = 	 1,
  pages = 	 {196-203}}

@Article{kopsinis2009,
  author = 	 {Y[] Kopsinis},
  title = 	 {Development of {EMD}-Based Denoising Methods Inspired by Wavelet Thresholding},
  journal = 	 {Signal Processing, IEEE Transactions on},
  year = 	 2009,
  volume = 	 57,
  number = 	 1,
  pages = 	 {1351 - 1362}}

@Article{kopecky2010,
  author = 	 {M. Kopecky},
  title = 	 {Ensemble Empirical Mode Decomposition: {Image} Data Analysis with White-noise Reflection},
  journal = 	 {Acta Polytechnica},
  year = 	 2010,
  volume = 	 50,
  number = 	 1,
  pages = 	 {49-56}}

@Article{wu2009,
  author = 	 {Z[] Wu and N[] E[] Huang},
  title = 	 {Ensemble empirical mode decomposition: {A} noise-assisted data analysis method},
  journal = 	 {Advances in Adaptive Data Analysis},
  year = 	 2009,
  volume = 	 01,
  number = 	 1,
  pages = 	 {1-41}}

@Article{torres2011,
  author = 	 {M[] E[] Torres and M[] A[] Colominas and G[] Schlotthauer and P[] Flandrin},
  title = 	 {A complete ensemble empirical mode decomposition with adaptive noise},
  journal = 	 {IEEE International Conference on Acoustics, Speech and Signal Proces- sing (ICASSP)},
  year = 	 2011,
  number = 	 1,
  pages = 	 {4144-4147}}
