@Article{obn,
  author = {Steve Mitchell and Cliff Ray and Etienne Marc and David Hays and Ken Craft},
  title ={FairfieldNodal's excellent nodal adventure},
  journal={80th Annual International Meeting, SEG, Expanded Abstracts},
  year=2010,
  pages={3740-3745},
}



@Article{pwd,
  author={Sergey Fomel},
  title={Application of plane-wave destruction filters},
  journal={Geophysics},
  year=2002,
  Volume=67,
  pages={1946-1960}
}

@book{mallat2009,
  author={S[] G[] Mallat},
  title={A wavelet tour of signal processing: The sparse way},
  publisher={Academic Press},
  year=2009,
}

@Article{zhiguang2014,
  author={Zhiguang Xue and Yangkang Chen and Sergey Fomel and Junzhe Sun},
  title={Imaging incomplete data and simultaneous-source data using least-squares reverse-time migration
with shaping regularization},
  journal={84th Annual International Meeting, SEG, Expanded Abstracts},
  year=2014,
  pages={submitted},
}

@Article{yangkang20132,
  author={Yangkang Chen and Jitao Ma},
  title ={Random noise attenuation by \emph{f-x} emprical mode decomposition predictive filtering},
  journal={83rd Annual International Meeting, SEG, Expanded Abstracts},
  year=2013,
  pages={4340-4346},
}

@Article{yangkang2014,
  author={Yangkang Chen and Jitao Ma},
  title ={Random noise attenuation by \emph{f-x} empirical mode decomposition predictive filtering},
  journal={Geophysics},
  year=2014,
  Volume=79,
  pages={V81-V91},
}

@Article{liuyang2009tvmf,
  author = 	 {Y[] Liu and Cai Liu and Dian Wang},
  title = 	 {A 1D time-varying median filter for seismic random, spike-like noise elimination},
  journal = 	 {Geophysics},
  year = 	 2009,
  volume =	 74,
  pages =	 {V17-V24},
}

@Article{liuyang2012,
  author = 	 {Y[] Liu and Sergey Fomel},
  title = 	 {Seismic data analysis using local time-frequency decomposition},
  journal = 	 {Geophyscial Prospecting},
  year = 	 2012,
  volume =	 60,
  pages =	 {1-10},
}

@Article{mostafa2010,
  author={M[] Naghizadeh and Mauricio D[] Sacchi},
  title={Beyond alias hierarchical scale curvelet interpolation of regularly and irregularly sampled seismic data},
  journal={Geophysics},
  year=2010,
  volume=75,
  pages={WB189-WB202},
}


@Article{lifting,
  author = {W[] Sweldens},
  title={Lifting scheme: A new philosophy in biorthogonal wavelet constructions: Wavelet Applications in Signal and Image Processing III},
  journal={Proceedings of SPIE 2569},
  year=1995,
  pages={68-79},
}


@Article{beasley1,
  author = {C[] J[] Beasley and R[] E[] Chambers and Z[] Jiang},
  title ={A new look at simultaneous sources},
  journal={68th Annual International Meeting, SEG, Expanded Abstracts},
  year=1998,
  pages={133-135},
}

@Article{beasley2,
  author = {C[] J[] Beasley},
  title ={A new look at marine simultaneous sources},
  journal={The Leading Edge},
  Volume=27,
  year=2008,
  pages={914-917},
}

@Article{waz,
  author = {S[] Michell and E[] Shoshitaishvili and D[] Chergotis and J[] Sharp and J[] Etgen},
  title ={Wide azimuth streamer imaging of mad dog; Have we solved the subsalt imaging problem?},
  journal={76th Annual International Meeting, SEG, Expanded Abstracts},
  year=2006,
  pages={2905-2909},
}


@Article{berk,
  author = {A[] J[] Berkhout},
  title ={Changing the mindset in seismic data acquisition},
  journal={The Leading Edge},
  Volume=27,
  year=2008,
  pages={924-938},
}

@Article{berkhout2012,
  author={A[] J[] Berkhout and D[] J[] Verschuur and G[] Blacqui\`{e}re},
  title={illumination properties and imaging promises of blended, multiple-scattering seismic data: a tutorial},
  journal={Geophysical Prospecting},
  year=2012,
  Volume=60,
  pages={713-732},
}

@Article{pana1,
  author={Panagiotis Doulgeris and Kenneth Bube and Gary Hampson and Gerrit Blacquiere},
  title = {Covergence analysis of a coherency-constrained inversion for the separation of blended data},
  journal={Geophysical Prospecting},
  Volume=60,
  year=2012,
  pages={769-781},
}

@Article{pana2,
  author={Panagiotis Doulgeris and Kenneth Bube},
  title ={Analysis of a coherency-constrained inversion for the separation of blended data: discovering the leakage subspace},
  journal={74th Annual International Conference and Exhibition, EAGE, Extended Abstracts},
  year=2012,
  }

@Article{roald,
  author={Roald van~Borselen and Rolf Baardman and Tony Martin and Bedanta Goswami and Eivind Fromyr},
  title={An inversion approach to separating sources in marine simultaneous shooting acquision-application to a Gulf of Mexico data set},
  journal={Geophysical Prospecting},
  year=2012,
  Volume=60,
  pages={640-647},
}

@Article{liuyang20091,
  author = 	 {Y[] Liu and Sergey Fomel and Cai Liu and Dian Wang and Guochang Liu and Xuan Feng},
  title = 	 {High-order seislet transform and its application of random noise attenuation},
  journal = 	 {Chinese Journal of Geophysics},
  year = 	 2009,
  volume =	 52,
  pages =	 {2142-2151},
}

@Article{candes2010,
  author={E[] J[] Cand\`{e}s and Y Plan},
  title={A probabilistic and RIPless theory of compressed sensing},
  journal={IEEE Transactions on Information Theory},
  year=2010,
  Volume=57,
  pages={7235-7254},
}

@Article{mahdad2011,
  author = 	 {Araz Mahdad and Panagiotis Doulgeris and Gerrit Blacquiere},
  title = 	 {Separation of blended data by iterative estimation and subtraction of blending interference noise},
  journal = 	 {Geophysics},
  year = 	 2011,
  volume =	 76,
  pages =	 {Q9-Q17},
}

@Article{mada2013,
  author={Sergey Fomel and P[] Sava and I[] Vlad and Y[] Liu and V[] Bashkardin},
  title={Madagascar open-source software project},
  journal = 	 {Journal of Open Research Software},
  year = 	 2013,
  volume =	 1,
  pages =	 {e8},
}

@Article{mahdad2012,
  author={Araz Mahdad and Panagiotis Doulgeris and Gerrit Blacquiere},
  title={Iterative method for the separation of blended seismic data: discussion on the algorithmic aspects},
  journal={Geophysical Prospecting},
  year=2012,
  Volume=60,
  pages={782-801},
}

@Article{mahdad2010,
  author={Araz Mahdad and Gerrit Blacquiere},
  title={Iterative deblending of blended encoded shot records},
  journal={72nd Annual International Conference and Exhibition, EAGE, Extended Abstracts},
  year=2010,
}

@Article{panagiotis2010,
  author={Panagiotis Doulgeris and Araz Mahdad and Gerrit Blacquiere},
  title={Separation of blended impulsive sources using an iterative approach},
  journal={72nd Annual International Conference and Exhibition, EAGE, Extended Abstracts},
  year=2010,
}

@Article{abma2010,
  author={R[] L[] Abma and T[] Manning and M[] Tanis and J[] Yu and M[] Foster},
  title={High quality separation of simultaneous sources by sparse inversion},
  journal={72nd Annual International Conference and Exhibition, EAGE, Extended Abstracts},
  year=2010,
}

@Article{dai2012,
  author = {Wei Dai and Paul Fowler and Gerard T. Schuster},
  title={Multi-source least-squares reverse time migration},
  journal={Geophysical Prospecting},
  year=2012,
  Volume=60,
  pages={681-695},
}

@Article{plessix2012,
  author={Rene-Edouard Plessix and Guido Baeten and Jan Willem de Maag and Fons ten Kroode and Zhang Rujie},
  title={Full waveform inversion and distance separated simultaneous sweeping: a study with a land seismic data set},
  journal={Geophysical Prospecting},
  year=2012,
  Volume=60,
  pages={733-747},
}

@Article{guitton2012,
  author={A[] Guitton and E[] Diaz},
  title={Attenuating crosstalk noise with simultaneous source full waveform inversion},
  journal={Geophysical Prospecting},
  year=2012,
  Volume=60,
  pages={759-768},
}

@Article{choi2012,
  author={Yunseok Choi and Tariq Alkhalifah},
  title={Application of multi-source waveform inversion to marine streamer data using the global correlation norm},
  journal={Geophysical Prospecting},
  year=2012,
  Volume=60,
  pages={748-758},
}


@Article{sfi,
  author={Antoine Guitton and Esteban Diaz},
  title={Attenuating crosstalk noise with simultaneous source full waveform inversion},
  journal={Geophysical Prospecting},
  year=2012,
  Volume=60,
  pages={759-768},
}

@Article{iter,
  author={Araz Mahdad and Panagiotis Doulgeris and Gerrit Blacquiere},
  title={Iterative method for the separation of blended seismic data: discussion on the algorithmic aspects},
  journal={Geophysical Prospecting},
  year=2012,
  Volume=60,
  pages={782-801},
}

@Article{fomel1,
  author={Sergey Fomel},
  title={Shapping regularization in geophysical estimation problems},
  journal={75th Annual International Meeting, SEG, Expanded Abstracts},
  year=2005,
  pages={1673-1676},
}

@Article{fomel2,
  author={Sergey Fomel},
  title={Shaping regularization in geophysical-estimation problems},
  journal={Geophysics},
  year=2007,
  Volume=72,
  pages={R29-R36},
}

@Article{fomel3,
  author={Sergey Fomel},
  title={Nonlinear shapping regularization in geophysical inverse problems},
  journal={78th Annual International Meeting, SEG, Expanded Abstracts},
  year=2008,
  pages={2046-2051},
}

@Article{fomel4,
  author={Sergey Fomel},
  title={Towards the seislet transform},
  journal={76th Annual International Meeting, SEG, Expanded Abstracts},
  year=2006,
  pages={2847-2850},
}

@Article{tik,
author={A[] N[] Tikhonov},
title={Solution of incorrectly formulated problems and the regularization method},
journal={Soviet Mathematics Doklady},
year=1963,
pages={1035-1038},
}

@Article{proj,
  author={Craig J[] Beasley and Bill Dragoset and Antoun Salama},
  title={A 3D simultaneous source field test processed using alternating projections: a new active separation method},
  journal={Geophysical Prospecting},
  year=2012,
  Volume=60,
  pages={591-601},
}

%liu Yang
@Article{seislet,
  author = 	 {S[] Fomel and Y[] Liu},
  title = 	 {Seislet transform and seislet frame},
  journal = 	 {Geophysics},
  year = 	 2010,
  volume =	 75,
  pages =	 {V25-V38},
}

@Article{dian2008,
  author={Dian Wang and Cai Liu and Yang Liu and Guochang Liu},
  title={Application of wavelet transform based on lifting scheme and percentiles soft-threshold to elimination of seismic random noise},
  journal={Progress in Geophysics (in Chinese)},
  year=2008,
  Volume=23,
  pages={1124-1130},
}

@Article{pengliang20121,
  author={Pengliang Yang and Jinghuai Gao and Wenchao Chen},
  title={Improved POCS interpolation using a percentage thresholding strategy and excessively zero-padded FFT},
  journal={82nd Annual International Meeting, SEG, Expanded Abstracts},
  year=2012,
  pages={1-6},
}


@Article{liu,
  author = 	 {Y[] Liu and Sergey Fomel},
  title = 	 {Seismic data analysis using local time-frequency decomposition},
  journal = 	 {Geophyscial Prospecting},
  year = 	 2012,
  volume =	 60,
  pages =	 {1-10},
}



@Article{deblendinv,
  author = 	 {Kees Wapenaar and Joost van~der~Neut and Jan Thorbecke},
  title = 	 {Deblending by direct inversion},
  journal = 	 {Geophysics},
  year = 	 2012,
  volume =	 77,
  pages =	 {A9-A12},
}

@Article{mediandeblend,
  author={Shoudong Huo and Yi Luo and Panos G[] Kelamis},
  title={Simultaneous sources separation via multidirectional vector-median filtering},
  journal = 	 {Geophysics},
  year = 	 2012,
  volume =	 77,
  pages =	 {V123-V131},
}

@Article{moore2008,
  author={Ian Moore and Bill Dragoset and Tor Ommundsen and David Wilson and Camille Ward and Daniel Eke},
  title={Simultaneous source separation using dithered sources},
  journal={78th Annual International Meeting, SEG, Expanded Abstracts},
  year=2008,
  pages={2806-2809},
}

@Article{gary,
  author={Gary Hampson and Joe Stefani and Fred Herkenhoff},
  title={Acquisition using simultaneous sources},
  journal={The Leading Edge},
  year=2008,
  volume=27,
  pages={918-923},
}

@Article{landweber,
  author={Landweber},
  title={An iteration formula for Fredholm integral equations of the first kind},
  journal={American Journal of Mathematics},
  year=1951,
  volume=73,
  pages={615-624},
}

@Article{microspa,
  author={Ismael Vera Rodriguez and David Bonar and Mauricio Sacchi},
  title={Microseismic data denoising using a 3C group sparsity constrained time-frequency transform},
  journal={Geophysics},
  year=2012,
  volume=77,
  pages={V21-V29},
}

@Article{donoho,
  author={D[] L[] Donoho and I[] M[] Johnstone},
  title={Ideal spatial adaptation by wavelet shrinkage},
  journal={Biometrika},
  year=1994,
  volume=81,
  pages={425-455},
}

@Article{daubechies,
  author={I[] Daubechies and M[] Defrise and C[] D[] Mol},
  title={An iterative thresholding algorithm for linear inverse problems with a sparsity constraint},
  journal={Communications on Pure and Applied Mathematics},
  year=2004,
  volume=57,
  pages={1413-1457},
}

@Article{daubechies2008,
  author={Ingrid Daubechies and Massimo Fornasier and Ignace Loris},
  title={Accelerated projected gradient method for linear inverse problems with sparsity constraints},
  journal={Journal of Fourier Analysis and Applications},
  year=2008,
  volume=14,
  pages={764-792},
}

@Article{cohen1992,
  author={A[] Cohen and I[] Daubechies and J[] C[] Feauveau},
  title={Biorthogonal bases of compactly supported wavelets},
  journal={Communications on Pure and Applied Mathematics},
  year=1992,
  volume=45,
  pages={485-560},
}




@Article{wright2009,
  author={S[] Wright and R[] Nowak and M[] Figueiredo},
  title={Sparse reconstruction by separable approximation},
  journal={IEEE Transactions on Signal Processing},
  year=2009,
  volume=57,
  pages={2479-2493},
}
@Article{pengliang2013,
  author={Pengliang Yang and Jinghuai Gao and Wenchao Chen},
  title={On analysis-based two-step interpolation methods for randomly sampled seismic data},
  journal={Computers \& Geosciences},
  year=2013,
  volume=51,
  pages={449-461},
}
@Article{jianjun2010,
  author={Jianjun Gao and Xiaohong Chen and Guochang Liu and J[] Ma},
  title={Irregular seismic data reconstruction based on exponentional threshold model of POCS method},
  journal={Applied Geophysics},
  year=2010,
  Volume=7,
  pages={229-238},
}


@Article{donoho1995,
  author={D[] L[] Donoho},
  title={De-noising by soft-thresholding},
  journal={IEEE transactions on information theory},
  year=1995,
  Volume=41,
  pages={613-627},
}

@Article{abma,
  author={Ray Abma and Qie Zhang and Adeyemi Arogunmati and Gerard Beaudoin},
  title={An Overview of {BP}'s Marine Independent Simultaneous Source field trials},
  journal={82nd Annual International Meeting, SEG, Expanded Abstracts},
  year=2012,
  pages={1404.1},
}

@Article{donoho2006,
  author={D[] L[] Donoho},
  title={Compressed sensing},
  journal={IEEE transactions on Information Theory},
  year=2006,
  Volume=52,
  pages={1289-1306},
}

@Article{canales1984,
  author = 	 {L[] Canales},
  title = 	 {Random noise reduction},
  journal = 	 {SEG expanded abstracts: 54th Annual international meeting},
  year = 	 1984,
  pages =	 {525-527}
}

@Article{arazthesis,
  author = {Araz Mahdad},
  title ={Deblending of seismic data},
  journal={TU Delft, PhD thesis},
  year=2012,
}

@Article{sacchi2000,
  author={M[] D[] Sacchi and Henning Kuehl},
  title={FX ARMA Filters},
  journal={70th Annual International Meeting, SEG, Expanded Abstracts},
  year=2000,
  pages={2092-2095},
}

@Article{hennenfent2006,
  author={G[] Hennenfent and F[] Herrmann},
  title={Seismic denoising with nonunformly sampled curvelets},
  journal={Computing in Science \& Engineering},
  year=2006,
  volume=8,
  pages={16-25},
}

@Article{galbraith2012,
  author={Mike Galbraith and Zhengsheng Yao},
  title={FX plus deconvolution for seismic data noise reduction},
  journal={82nd Annual International Meeting, SEG, Expanded Abstracts},
  year=2012,
  pages={1-4},
}

@Article{yike2013,
  author={Yike Liu},
  title={Noise reduction by vector median filtering},
  journal={Geophysics},
  year=2013,
  volume=78,
  pages={V79-V87},
}


@Article{akansu2010,
  author={Ali N[] Akansu and W[] A[] Serdijn and Ivan W[] Selesnick},
  title={Emerging applications of wavelets: A review},
  journal={Physical Communication},
  year=2010,
  Volume=3,
  pages={1-18}
}

@Article{chandrasekharan1949,
  author={S[] Bochner and K[] Chandrasekharan},
  title={Fourier Transforms},
  publisher={Princeton University Press},
  year=1949,
}






