@ARTICLE{osypov,
  author ={K[] Osypov},
  title = {Robust refraction tomography},
  journal = {70th Annnual International Meeting, SEG, Expanded Abstracts},
  year = {2000},
  pages = {2032-2035}
}
@ARTICLE{leung,
  author = {S[] Leung and J[] Qian},
  title = {An adjoint state method for three-dimensional transmission traveltime tomography using first arrivals},
  journal = {Communications in Mathematical Sciences},
  year = {2006},
  volume = {4},
  pages = {249-266}
}
@ARTICLE{taillandier,
  author = {C[] Taillandier and M[] Noble and H[] Chauris and H[] Calandra},
  title = {First-arrival traveltime tomography based on the adjoint-state method},
  journal = {Geophysics},
  year = {2009},
  volume = {74},
  issue = {6},
  pages = {WCB57-WCB66}
}
@ARTICLE{noble,
  author = {M[] Noble and P[] Thierry and C[] Taillandier and H[] Calandra},
  title = {High-performance 3{D} first-arrival traveltime tomography},
  journal = {The Leading Edge},
  year = {2010},
  volume = {29},
  pages = {86-93}
}
@BOOK{chapman,
  title = {Fundamentals of seismic wave propagation},
  publisher = {Cambridge University Press},
  year = {2002},
  author = {C[] Chapman}
}
@BOOK{cerveny ,
  title = {Seismic Ray Theory},
  publisher = {Cambridge University Press},
  year = {2001},
  author = {V[] \v{C}erven\'{y}}
}
@ARTICLE{simmons,
  author ={J[] L[] Simmons and N[] Bernitsas},
  title = {Nonlinear inversion of first-arrival times},
  journal = {64th Annnual International Meeting, SEG, Expanded Abstracts},
  year = {1994},
  pages = {992-995}
}
@ARTICLE{stefani,
  author ={J[] P[] Stefani},
  title = {Possibilities and limitations of turning ray tomography\textemdash a synthetics study},
  journal = {63rd Annnual International Meeting, SEG, Expanded Abstracts},
  year = {1993},
  pages = {610-612}
}
@BOOK{engl,
  title = {Regularization of inverse problems},
  publisher = {Kluwer Academic Publishers},
  year = {1996},
  author = {H[] W[] Engl and M[] Hanke and A[] Neubauer}
}
@ARTICLE{zhu,
  author = {X[] Zhu and D[] P[] Sixta and B[] G[] Angstman},
  title = {Tomostatics: turning-ray tomography + static corrections},
  journal = {The Leading Edge},
  year = {1992},
  volume = {11},
  pages = {15-23}
}
@BOOK{sethian,
  title = {Level set methods and fast marching methods: Evolving interfaces in computational geometry, fluid mechanics, computer vision and material sciences},
  publisher = {Cambridge University Press},
  year = {1999},
  author = {J[] A[] Sethian}
}
@ARTICLE{zhao,
  author ={H[] Zhao},
  title = {A fast sweeping method for eikonal equations},
  journal = {Mathematics of Computation},
  year = {2005},
  volume = {74},
  pages = {603-627}
}
@ARTICLE{iversen,
  author ={E[] Iversen},
  title = {The isochron ray in seismic modeling and imaging},
  journal = {Geophysics},
  year = {2004},
  volume = {69},
  pages = {1053-1070}
}
@ARTICLE{duchkov,
  author ={A[] Duchkov and M[] V[] de Hoop},
  title = {Extended isochron ray in prestack depth (map) migration},
  journal = {Geophysics},
  year = {2010},
  volume = {75},
  issue = {4},
  pages = {S139-S150}
}
@ARTICLE{tariq,
  author ={T[] Alkhalifah},
  title = {Prestack traveltime approximations},
  journal = {81st Annnual International Meeting, SEG, Expanded Abstracts},
  year = {2011},
  pages = {3017-3021}
}
@ARTICLE{marsden,
  author = {D[] Marsden},
  title = {Static corrections\textemdash a review},
  journal = {The Leading Edge},
  year = {1993},
  volume = {12},
  pages = {43-49}
}
@BOOK{cox,
  title = {Static Corrections for Seismic Reflection Surveys},
  publisher = {Society of Exploration Geophysics},
  year = {1999},
  author = {M[] Cox}
}
@ARTICLE{bergman,
  author = {B[] Bergman and A[] Tryggvason and C[] Juhlin},
  title = {High-resolution seismic traveltime tomography incorporating static corrections applied to a till-covered bedrock environment},
  journal = {Geophysics},
  year = {2004},
  volume = {69},
  pages = {1082-1090}
}
@ARTICLE{sheng,
  author = {J[] Sheng and A[] Leeds and M[] Buddensiek and G[] T[] Schuster},
  title = {Early arrival waveform tomography on near-surface refraction data},
  journal = {Geophysics},
  year = {2006},
  volume = {71},
  issue = {4},
  pages = {U47-U57}
}
@ARTICLE{brenders,
  author = {A[] J[] Brenders and R[] G[] Pratt},
  title = {Efficient waveform tomography for lithospheric imaging: implications for realistic, two-dimensional acquisition geometries and low-frequency data},
  journal = {Geophysical Journal International},
  year = {2007},
  volume = {168},
  pages = {152-170}
}
@ARTICLE{virieux,
  author = {J[] Virieux and S[] Operto},
  title = {An overview of full-waveform inversion in exploration geophysics},
  journal = {Geophysics},
  year = {2009},
  volume = {74},
  issue = {6},
  pages = {WCC1-WCC26}
}
@ARTICLE{belonosova,
  author ={A[] V[] Belonosova and A[] S[] Alekseev},
  title = {About one formulation of the inverse kinematic problem of seismics for a two-dimensional continuously heterogeneous medium},
  journal = {Some methods and algorithms for interpretation of geophysical data (in Russian), Nauka},
  year = {1974},
  pages = {137-154}
}
@ARTICLE{dijkstra,
  author = {E[] W[] Dijkstra},
  title = {A note on two problems in connexion with graphs},
  journal = {Numerische Mathematik},
  year = {1959},
  volume = {1},
  pages = {269-271}
}
@ARTICLE{kuhn-tucker,
  author = {H[] W[] Kuhn and A[] W[] Tucker},
  title = {Nonlinear programming},
  journal = {Proceedings of 2nd Berkeley Symposium},
  year = {1951},
  pages = {481-492}
}
@Article{bertsekas,
  author = {D[] Bertsekas},
  title = {Enlarging the region of convergence of {N}ewton's method for constrained optimization},
  journal = {Journal of Optimization Theory and Applications},
  year = 1982,
  volume = 36,
  pages = {221-251}
}
@ARTICLE{tikhonov,
  author ={A[] N[] Tikhonov},
  title = {Solution of incorrectly formulated problems and the regularization method},
  journal = {Soviet Mathematics Doklady},
  year = {1963},
  pages = {1035-1038}
}
@Article{fomel,
  author = {S[] Fomel},
  title = {Shaping regularization in geophysical estimation problems},
  journal = {Geophysics},
  year = 2007,
  volume = 72,
  pages = {R29-R36}
}
@ARTICLE{franklin,
  author ={J[] B[] Franklin and J[] M[] Harris},
  title = {A high-order fast marching scheme for the linearized eikonal equation},
  journal = {Journal of Computational Acoustics},
  year = {2001},
  volume = {9},
  pages = {1095-1109}
}
@ARTICLE{li,
  author = {S[] Li and S[] Fomel and A[] Vladimirsky},
  title = {Improving wave-equation fidelity of {G}aussian beams by solving the complex eikonal equation},
  journal = {71st Annnual International Meeting, SEG, Expanded Abstracts},
  year = {2011},
  pages = {3829-3834}
}
@ARTICLE{hestenes,
  author ={M[] R[] Hestenes and E[] Stiefel},
  title = {Method of conjugate gradients for solving linear systems},
  journal = {Journal of Research of the National Bureau of Standards},
  year = {1952},
  volume = {49},
  pages = {409-436}
}
@BOOK{burden,
  author ={R[] L[] Burden and J[] D[] Faires and A[] C[] Reynolds},
  title = {Numerical Analysis},
  year = {1981},
  publisher = {Prindle, Weber \& Schmidt}.
}
@ARTICLE{rickett ,
  author ={J[] Rickett and S[] Fomel},
  title = {A second-order fast marching eikonal solver},
  journal = {Stanford Exploration Project Report},
  year = {1999},
  volume = {100},
  pages = {287-292}
}
@Article{kim,
  author = {S[] Kim},
  title = {An {$O(N)$} level set method for eikonal equations},
  journal = {SIAM Journal on Scientific Computing},
  year = 2001,
  volume = 22,
  pages = {2178-2193}
}
@Article{jeong,
  author = {W[] Jeong and R[] T[] Whitaker},
  title = {A fast iterative method for eikonal equations},
  journal = {SIAM Journal on Scientific Computing},
  year = 2008,
  volume = 30,
  pages = {2512-2534}
}
@Article{paige,
  author = {C[] C[] Paige and M[] A[] Saunders},
  title = {{LSQR}: an algorithm for sparse linear equations and sparse least squares},
  journal = {ACM Transactions on Mathematical Software},
  year = 1982,
  volume = 8,
  pages = {43-71}
}
@Article{zelt,
  author = {C[] A[] Zelt and P[] J[] Barton},
  title = {3{D} seismic refraction tomography: {A} comparison of two methods applied to data from the {F}aeroe {B}asin},
  journal = {Journal of Geophysical Research},
  year = 1998,
  volume = 103,
  pages = {7187-7210}
}
@Article{dessa,
  author = {J[] X[] Dessa and S[] Operto and A[] Nakanishi and G[] Pascal and K[] Uhira and Y[] Kaneda},
  title = {Deep seismic imaging of the eastern {N}ankai {T}rough, {J}apan, from multifold ocean bottom seismometer data by combined traveltime tomography and prestack depth migration},
  journal = {Journal of Geophysical Research},
  year = 2004,
  volume = 109,
  pages = {B02111}
}
@ARTICLE{pei,
  author ={D[] Pei},
  title = {Three-dimensional traveltime tomography via {LSQR} with regularization},
  journal = {79th Annnual International Meeting, SEG, Expanded Abstracts},
  year = {2009},
  pages = {4004-4008}
}
@ARTICLE{plessix,
  author = {R[] E[] Plessix},
  title = {A review of the adjoint-state method for computing the gradient of a functional with geophysical applications},
  journal = {Geophysical Journal International},
  year = {2006},
  volume = {167},
  pages = {495-503}
}
@ARTICLE{sei,
  author = {A[] Sei and W[] W[] Symes},
  title = {Gradient calculation of the traveltime cost function without ray tracing},
  journal = {64th Annnual International Meeting, SEG, Expanded Abstracts},
  year = {1994},
  pages = {1351-1354}
}
@ARTICLE{leung,
  author = {S[] Leung and J[] Qian},
  title = {An adjoint-state method for three-dimensional transmission traveltime tomography using first-arrivals},
  journal = {Communications in Math and Science},
  year = {2006},
  volume = {4},
  pages = {249-266}
}
@ARTICLE{zhu1,
  author = {T[] Zhu and S[] Cheadle and A[] Petrella and S[] Gray},
  title = {First-arrival tomography: method and application},
  journal = {70th Annnual International Meeting, SEG, Expanded Abstracts},
  year = {2000},
  pages = {2028-2031}
}
@ARTICLE{chacon,
  author = {A[] Chacon and A[] Vladimirsky},
  title = {Fast two-scale methods for {E}ikonal equations},
  journal = {SIAM Journal on Scientific Computing},
  year = {2012},
  volume = {33},
  issue = {3},
  pages = {A547-A578}
}
@ARTICLE{chacon2,
  author = {A[] Chacon and A[] Vladimirsky},
  title = {A parallel two-scale methods for {E}ikonal equations},
  journal = {submitted to SIAM Journal on Scientific Computing},
  year = {2012}
}
@ARTICLE{weber,
  author = {O[] Weber and Y[] Devir and A[] Bronstein and M[] Bronstein and R[] Kimmel},
  title = {Parallel algorithms for the approximation of distance maps on parametric surfaces},
  journal = {ACM Transactions on Graphics},
  year = {2008},
  volume = {27},
  issue = {4},
  pages = {104}
}
@ARTICLE{zhao1,
  author ={H[] Zhao},
  title = {Parallel implementations of the fast sweeping method},
  journal = {Journal of Computational Mathematics},
  year = {2007},
  volume = {25},
  pages = {421-429}
}
@ARTICLE{detrixhe,
  author ={M[] Detrixhe and C[] Min and F[] Gibou},
  title = {A parallel fast sweeping method for the eikonal equation},
  journal = {Journal of Computational Physics},
  year = {2013},
  volume = {237},
  pages = {46-55}
}
@ARTICLE{vladimirsky,
  author = {A[] Vladimirsky and C[] Zheng},
  title = {A fast implicit method for time-dependent {H}amilton-{J}acobi {PDE}s},
  journal = {submitted to SIAM Journal on Scientific Computing},
  year = {2013}
}
@ARTICLE{popovici,
  author = {A[] M[] Popovici and J[] Sethian},
  title = {3-{D} imaging using higher order fast marching traveltimes},
  journal = {Geophysics},
  year = {2002},
  volume = {67},
  pages = {604-609}
}
@ARTICLE{lelievre,
  author = {P[] G[] Leli\`{e}vre and C[] G[] Farquharson and C[] A[] Hurich},
  title = {Inversion of first-arrival seismic traveltimes without rays, implemented on unstructured grids},
  journal = {Geophysical Journal International},
  year = {2011},
  volume = {185},
  pages = {749-763}
}
@ARTICLE{yatziv,
  author = {L[] Yatziv and A[] Bartesaghi and G[] Sapiro},
  title = {A fast {$O(N)$} implementation of the fast marching algorithm},
  journal = {Journal of Computational Physics},
  year = {2006},
  volume = {212},
  pages = {393-399}
}
