@Article{aktsvan,
  author = 	 {T[ariq] Alkhalifah and I[lya] Tsvankin},
  title = 	 {Velocity analysis for transversely isotropic media},
  journal = 	 {Geophysics},
  year = 	 1995,
  volume =	 60,
  number =	 05,
  pages =	 {1550-1566}
}

@article{alk,
author={T[ariq] Alkhalifah},
year={1996},
title={Velocity analysis using nonhyperbolic moveout 
		  in transversely isotropic media},
journal={CWP--203},
volume={},
number={},
pages={}
}

		  
@Article{annie,
  author = 	 {M[ichael] Schoenberg and F[rancis] Muir and C[olin] Sayers},
  title = 	 {Introducing {ANNIE}: {A} simple three-parameter
		  anisotropic velocity model for shales},
  journal = 	 {Journal of Seismic Exploration},
  year = 	 1996,
  volume =	 5,
  pages =	 {35-49}
}

@incollection{castle, 
  author={R[ichard] J[ay]  Castle }, 
  title={Shifted Hyperbolas and Normal Moveout}, 
  year=1988, 
  booktitle={58th Annual Internat. Mtg., Soc. Expl. Geophys., Expanded Abstracts}, 
  publisher={Soc. Expl. Geophys.}, 
  pages={Session: S9.3}, 
  address={Tulsa}
	}

@Article{chergr,
  author = 	 {V[ladimir] S[tepanovich] Chernjak and S[ergey] A[lekseevich] Gritsenko},
  title = 	 {Interpretation of effective common-depth-point parameters for a spatial system of homogeneous beds with curved boundaries},
  journal = 	 {Soviet Geology and Geophysics},
  year = 	 1979,
  volume =	 20,
  number =	 12,
  pages =	 {91-98}
}

@Article{der,
  author = {S[ergey] F[edorovich] Bolshykh},
  title = {About an approximate representation of the reflected wave 
traveltime
  curve in the case of a multi-layered medium},
  journal = {Applied Geophysics (in Russian)},
  year = {1956},
  volume = {15},
  pages = {3-15},
  annote = {in Russian}
}

@Article{fomel,
  author = 	 {S[ergey] Fomel},
  title = 	 {Recurrent formulas for
		  derivatives of a {CMP} traveltime curve},
  journal = 	 {Russian
		  Geology
		  and Geophysics},
  year = 	 1994,
  volume =	 35,
  number =	 2,
  pages =	 {118-126}
}

@article{grechka,
author={V[ladimir] Grechka},
year={1996},
title={Transverse isotropy versus lateral heterogeneity in inversion of 
		  $P$-wave reflection traveltimes},
journal={CWP--203},
volume={},
number={},
pages={}
}

		  
@article{grekmac,
author={V[ladimir] Y[] Grechka and G[eorge] A[] McMechan},
year={1996},
title={{3-D} two-point ray tracing for heterogeneous, 
		  weakly transversely isotropic media},
journal={Geophysics, in press},
volume={},
number={},
pages={}
}

@article{grektsvan,
author={V[ladimir] Grechka and I[lya] Tsvankin},
year={1998},
title={Feasibility of nonhyperbolic moveout inversion in
     transversely isotropic media},
journal={Geophysics},
number={03},
volume={63},
pages={957--969}
}

@SEPREPORT{harlan,
title={Flexible seismic traveltime tomography applied to diving waves},
author={W[illiam] S[] Harlan},
pages={145-165},
type={SEP-Report},
organization={SEP},
year={1995},
journal={SEP-Report},
volume={89}		  
}

@Book{hubkrey,
  author = 	 {P[eter] Hubral and Th[] Krey},
  title = 	 {Interval velocities from seismic reflection time 
		  measurements},
  publisher = 	 {SEG},
  year = 	 1980,
  address =	 {Tulsa}
}

@Article{malov,
  author = {A[lexey] A[] Malovichko},
  title = {A New Representation of the Traveltime Curve of Reflected Waves
   in Horizontally Layered Media},
  journal = {Applied Geophysics (in Russian)},
  year = {1978},
  volume = {91},
  number = {1},
  pages = {47-53, English translation in~\protect\cite{Sword.sep.51.313}},
  annote = {in Russian}
}

@article{nmo, 
  author={E[ric] de~Bazelaire}, 
  title={Normal Moveout Revisited -- Inhomogeneous Media and Curved Interfaces}, 
  year=1988, 
  journal={Geophysics}, 
  volume=53, 
  number=02, 
  pages={143-157}
}
		  
@article{taner, 
  author={M[] T[urhan]  Taner  and F[ulton]   Koehler}, 
  title={Velocity Spectra -- Digital Computer Derivation and 
		  Applications of Velocity Functions}, 
  year=1969, 
  journal={Geophysics}, 
  volume=34, 
  number=06, 
  pages={859-881}, 
}

@Article{tsvan1995,
  author = 	 {I[lya] Tsvankin},
  title = 	 {Normal moveout from dipping reflectors in anisotropic media},
  journal = 	 {Geophysics},
  year = 	 1995,
  volume =	 60,
  pages =	 {268-284}
}

@Article{tsvan1996,
  author = 	 {I[lya] Tsvankin},
  title = 	 {\mbox{$P$}-wave signatures and notation for transversely
		  isotropic media: {An} overview},
  journal = 	 {Geophysics},
  year = 	 1996,
  volume =	 61,
  number =	 02,
  pages =	 {467-483}
}

@Article{tsvantom,
  author = 	 {I[lya] Tsvankin and L[eon] Thomsen},
  title = 	 {Nonhyperbolic reflection moveout in anisotropic media},
  journal = 	 {Geophysics},
  year = 	 1994,
  volume =	 59,
  number =	 08,
  pages =	 {1290-1304}
}

@InCollection{Muir.sep.44.55,
  author = 	 {F[rancis] Muir and J[oe] Dellinger},
  title = 	 {A Practical Anisotropic System},
  booktitle = 	 {SEP-\textbf{44}},
  publisher =	 {Stanford Exploration Project},
  year =	 1985,
  pages =	 {55--58}
}

@InCollection{Sword.sep.51.313,
	 author={Ch[arles] H[] Sword},
	 title={ A {Soviet} Look at Datum Shift},
	 year={1987},
         booktitle = 	 {SEP-\textbf{51}},
         publisher =	 {Stanford Exploration Project},
	 pages={313--316},
	}


@Article{gritsenko,
  author = 	 {S[ergey] A[lekseevich] Gritsenko},
  title = 	 {Time field derivatives},
  journal =	 {Soviet Geology and Geophysics},
  year =	 {1984},
  volume =	 {25},
  number =	 {4},
  pages =	 {103-109}
}

@Article{blyas,
  author = 	 {E[] A[] Blyas and E[] A[] Gritsenko and V[] S[] Chernyak},
  title = 	 {Time field derivatives in stratified media},
  journal =	 {Soviet Geology and Geophysics},
  year =	 {1984},
  volume =	 {25},
  number =	 {5},
  pages =	 {72-77}
}

@Book{stti,
  author = 	 {S[ergey] V[asilievich] Goldin},
  title = 	 {Seismic Traveltime Inversion},
  publisher = 	 {SEG},
  year = 	 1986,
  address =	 {Tulsa}
}

	  
@Book{golub,
  author = 	 {G[ene] H[] Golub and C[harles] F[] {Van~Loan}},
  title = 	 {Matrix Computations},
  publisher = 	 {The John Hopkins University Press},
  year = 	 1996
}
	  
@Article{goldin,
  author = 	 {Goldin},
  title = 	 {??},
  journal = 	 {Russian Geology and Geophysics},
  year = 	 {199?}
}

@article{Dellinger.jse.92.23,
   author = {J[oe] Dellinger and F[rancis] Muir and M[artin] Karrenbach},
   journal = {Journal of Seismic Exploration},
   pages = {23--40},
   title = {Anelliptic Approximations for {{TI}} Media},
   volume = {2},
   year = {1993}
}

