

@Article{fomel2,
  author={Sergey Fomel},
  title={Shaping regularization in geophysical-estimation problems},
  journal={Geophysics},
  year=2007,
  Volume=72,
  pages={R29-R36},
}
@Article{mssa,
  author={Vicente Oropeza and Mauricio Sacchi},
  title={Simultaneous seismic data denoising and reconstruction via multichannel singular spectrum analysis},
  journal = 	 {Geophysics},
  year = 	 2011,
  volume =	 76,
  pages =	 {V25-V32},
}
@Article{abma2006,
  author={R[] Abma and N[] Kabir},
  title = {3{D} interpolation of irregular data with a {POCS} algorithm},
  journal={Geophysics},
  Volume=71,
  year=2006,
  pages={E91-E97},
}
@Article{fomel3,
  author={Sergey Fomel},
  title={Nonlinear shapping regularization in geophysical inverse problems},
  journal={78th Annual International Meeting, SEG, Expanded Abstracts},
  year=2008,
  pages={2046-2051},
}
@Article{yangkang2014halfthr,
  author={Y[] Chen and K[] Chen and P[] Shi and Y[] Wang},
  title = {Irregular seismic data reconstruction using a percentile-half-thresholding algorithm},
  journal={Journal of Geophysics and Engineering},
  year=2014,
  pages={065001},
  volume = 11,
}
@Article{fomel4,
  author={Sergey Fomel},
  title={Towards the seislet transform},
  journal={76th Annual International Meeting, SEG, Expanded Abstracts},
  year=2006,
  pages={2847-2850},
}

@Article{tik,
author={A[] N[] Tikhonov},
title={Solution of incorrectly formulated problems and the regularization method},
journal={Soviet Mathematics Doklady},
year=1963,
pages={1035-1038},
}
@book{collatz1966,
author={L[] Collatz},
title={Functional analysis and numerical mathematics},
publisher={Academic Press},
year=1966,
}


@Article{proj,
  author={Craig J[] Beasley and Bill Dragoset and Antoun Salama},
  title={A 3D simultaneous source field test processed using alternating projections: a new active separation method},
  journal={Geophysical Prospecting},
  year=2012,
  Volume=60,
  pages={591-601},
}

%liu Yang
@Article{seislet,
  author = 	 {S[] Fomel and Y[] Liu},
  title = 	 {Seislet transform and seislet frame},
  journal = 	 {Geophysics},
  year = 	 2010,
  volume =	 75,
  pages =	 {V25-V38},
}

@Article{liu,
  author = 	 {Y[] Liu and Sergey Fomel},
  title = 	 {Seismic data analysis using local time-frequency decomposition},
  journal = 	 {Geophyscial Prospecting},
  year = 	 2012,
  volume =	 60,
  pages =	 {1-10},
}

@Article{landweber,
  author={L[] Landweber},
  title={An iteration formula for Fredholm integral equations of the first kind},
  journal={American Journal of Mathematics},
  year=1951,
  volume=73,
  pages={615-624},
}

@Article{microspa,
  author={Ismael Vera Rodriguez and David Bonar and Mauricio Sacchi},
  title={Microseismic data denoising using a 3C group sparsity constrained time-frequency transform},
  journal={Geophysics},
  year=2012,
  volume=77,
  pages={V21-V29},
}

@Article{donoho,
  author={D[] L[] Donoho and I[] M[] Johnstone},
  title={Ideal spatial adaptation by wavelet shrinkage},
  journal={Biometrika},
  year=1994,
  volume=81,
  pages={425-455},
}

@Article{daubechies,
  author={I[] Daubechies and M[] Defrise and C[] D[] Mol},
  title={An iterative thresholding algorithm for linear inverse problems with a sparsity constraint},
  journal={Communications on Pure and Applied Mathematics},
  year=2004,
  volume=57,
  pages={1413-1457},
}

@Article{daubechies2008,
  author={Ingrid Daubechies and Massimo Fornasier and Ignace Loris},
  title={Accelerated projected gradient method for linear inverse problems with sparsity constraints},
  journal={Journal of Fourier Analysis and Applications},
  year=2008,
  volume=14,
  pages={764-792},
}

@Article{donoho1995,
  author={D[] L[] Donoho},
  title={De-noising by soft-thresholding},
  journal={IEEE transactions on information theory},
  year=1995,
  Volume=41,
  pages=613-627,
}

@Article{fomel2007localattr,
  author={Sergey Fomel},
  title={Local seismic attributes},
  journal={Geophysics},
  year=2007,
  Volume=72,
  pages={A29-A33},
}

@Article{guochang2009,
author={G[] Liu and S[] Fomel and L[] Jin and X[] Chen},
title={Stacking seismic data using local correlation},
journal={Geophysics},
volume=74,
year=2009,
pages={V43-V48}
}

@Article{guochang20111,
author={G[] Liu and S[] Fomel and X[] Chen},
title={Stacking angle-domain common-image gathers for normalization of illumination},
journal={Geophysical Prospecting},
volume=59,
year=2011,
pages={244-255}
}


@Article{guochang20112,
author={G[] Liu and X[] Chen and J[] Du and J[] Song},
title={Seismic noise attenuation using nonstationary polynomial fitting},
journal={Applied Geophysics},
volume=8,
number=1,
year=2011,
pages={18-26},
}
@Article{guochang20113,
author={G[] Liu and S[] Fomel and X[] Chen},
title={Time-frequency analysis of seismic data using local attributes},
journal={Geophysics},
volume=76,
number=1,
year=2011,
pages={P23-P34},
}
@Article{guochang2012,
  author={Guochang Liu and Xiaohong Chen and Jing Du and Kailong Wu},
  title ={Random noise attenuation using \emph{f-x} regularized nonstationary autoregression},
  journal={Geophysics},
  volume=77,
  year=2012,
  pages={V61-V69},
}
@Article{guochang2010,
  author={Jing Du and Songhui Lin and Weiguo Sun and Guochang Liu},
  title ={Seismic attenuation estimation using S transform with regularized inversion
},
  journal={80th Annual International Meeting, SEG, Expanded Abstracts},
  year=2010,
  pages={2901-2904},
}

@Article{tikhonov1963,
author={A[] N[] Tikhonov},
title={Solution of incorrectly formulated problems and the regularization method},
journal={Soviet Mathematics Doklady},
volume=5,
year=1963,
pages={1035-1038},
}

@Article{liuyang2012,
  author = 	 {Y[] Liu and Sergey Fomel},
  title = 	 {Seismic data analysis using local time-frequency decomposition},
  journal = 	 {Geophyscial Prospecting},
  year = 	 2012,
  volume =	 60,
  pages =	 {1-10},
}
@Article{shengxu2010,
  author={Sheng Xu and Yu Zhang and Gilles Lambare},
  title={Antileakage Fourier transform for seismic data regularization in higher dimensions},
  journal={Geophysics},
  year=2010,
  volume=75,
  pages={WB113-WB120},
}

@Article{spitz1991,
  author={S[] Spitz},
  title={Seismic trace interpolation in the F-X domain},
  journal={Geophysics},
  year=1991,
  volume=56,
  pages={785-794},
}

@Article{porsani1999,
  author={M[] J[] Porsani},
  title={Seismic trace interpolation using half-step prediction filters},
  journal={Geophysics},
  year=1999,
  volume=64,
  pages={1461-1467},
}

@Article{wang2002,
  author={Y[] Wang},
  title={Seismic trace interpolation in the fxy domain},
  journal={Geophysics},
  year=2002,
  volume=67,
  pages={1232-1239},
}

@Article{wang2003,
  author={Y[] Wang},
  title={Sparseness-constrained least-squares inversion: application to seismic wave propagation},
  journal={Geophysics},
  year=2003,
  volume=68,
  pages={1633-1638},
}

@Article{mostafa2007,
  author={M[] Naghizadeh and Mauricio D[] Sacchi},
  title={Multistep autoregressive reconstruction of seismic records},
  journal={Geophysics},
  year=2007,
  volume=72,
  pages={V111-V118},
}

@Article{mostafa2010,
  author={M[] Naghizadeh and Mauricio D[] Sacchi},
  title={Beyond alias hierarchical scale curvelet interpolation of regularly and irregularly sampled seismic data},
  journal={Geophysics},
  year=2010,
  volume=75,
  pages={WB189-WB202},
}

@Article{liubin2004,
  author={Bin Liu and M[] D[] Sacchi},
  title ={Minimum weighted norm interpolation of seismic records},
  journal={Geophysics},
  volume=69,
  year=2004,
  pages={1560-1568},
}

@Article{sacchi1998,
  author={M[] Sacchi and T[] Ulrych and C[] Walker},
  title={Interpolation and extrapolation using a high-resolution discrete Fourier transform},
  journal={IEEE Transactions on Signal Processing},
  year=1998,
  volume=46,
  pages={31-38},
}

@Article{zwartjes20071,
  author={P[] Zwartjes and A[] Gisolf},
  title={Fourier construction with sparse inversion},
  journal={Geophysical Prospecting},
  year=2007,
  volume=55,
  pages={199-221},
}

@Article{zwartjes20072,
  author={P[] Zwartjes and M[] D[] Sacchi},
  title={Fourier reconstruction of nonuniformly sampled, aliased seismic data},
  journal={Geophysics},
  year=2007,
  volume=72,
  pages={V21-V32},
}

@Article{pengliang2012,
  author={Pengliang Yang and Jinghuai Gao and Wenchao Chen},
  title={Curvelet-based POCS interpolation of nonuniformly sampled seismic records},
  journal={Journal of Applied Geophysics},
  year=2012,
  volume=79,
  pages={90-99},
}

@Article{pengliang2013,
  author={Pengliang Yang and Jinghuai Gao and Wenchao Chen},
  title={On analysis-based two-step interpolation methods for randomly sampled seismic data},
  journal={Computers \& Geosciences},
  year=2013,
  volume=51,
  pages={449-461},
}

@Article{canning1996,
  author={A[] Canning and G[] H[] F[] Gardner},
  title={Reducing 3D acquisition footprint for 3D DMO and 3D prestack migration},
  journal={Geophysics},
  year=1996,
  volume=63,
  pages={1177-1183},
}

@Article{bleistein2000,
  author={N[] Bleistein and H[] Jaramillo},
  title={A platform for Kirchhoff data mapping in scalar models of data acquisition},
  journal={Geophysical Prospecting},
  year=2000,
  volume=48,
  pages={135-161},
}

@Article{stolt2002,
  author={R[] H[] Stolt},
  title={Seismic data mapping and reconstruction},
  journal={Geophysics},
  year=2002,
  volume=67,
  pages={890-908},
}


@Article{fomel2003,
  author={S[] Fomel},
  title={Seismic reflection data interpolation with differential offset and shot continuation},
  journal={Geophysics},
  year=2003,
  volume=68,
  pages={733-744},
}

@Article{zengbao2012,
  author={Zengbao Chen and Yanghua Wang and Xiaohong Chen},
  title ={Gabor deconvolution using regularized smoothing},
  journal={82th Annual International Meeting, SEG, Expanded Abstracts},
  year=2012,
  pages={1-4},
  doi={http://dx.doi.org/10.1190/segam2012-0665.1},
}

@Article{hennenfent2006,
  author={G[] Hennenfent and F[] Herrmann},
  title={Seismic denoising with nonunformly sampled curvelets},
  journal={Computing in Science \& Engineering},
  year=2006,
  volume=8,
  pages={16-25},
}

@Article{fomel2002pwd,
  author={Sergey Fomel},
  title={Application of plane-wave destruction filters},
  journal={Geophysics},
  year=2002,
  Volume=67,
  pages={1946-1960},
}
@Article{chengbo2013,
  author = {Chengbo Li and Charles C[] Mosher and Larry C[] Morley and Yongchang Ji and Joel D[] Brewer},
  title ={Joint source deblending and reconstruction for seismic data},
  journal={83rd Annual International Meeting, SEG, Expanded Abstracts},
  year=2013,
  pages={82-87},
}

@Article{mada2013,
  author={Sergey Fomel and P[] Sava and I[] Vlad and Y[] Liu and V[] Bashkardin},
  title={Madagascar open-source software project},
  journal = 	 {Journal of Open Research Software},
  year = 	 2013,
  volume =	 1,
  pages =	 {e8},
}
@Article{yangkang2015,
  author={Y[] Chen and S[] Gan and T[] Liu and J[] Yuan and Y[] Zhang and Z[] Jin},
  title = {Random noise attenuation by a selective hybrid approach using f-x empirical mode decomposition},
  journal={Journal of Geophysics and Engineering},
  year=2015,
  volume=12,
  pages={12-25},
}
@Article{yangkang2014svmf,
  author={Y[] Chen},
  title = {Deblending using a space-varying median filter},
  journal={Exploration Geophysics},
  year=2014,
  pages={doi:http://dx.doi.org/10.1071/EG14051},
}
@article{yangkang2014nmo,
  author={Yangkang Chen and Jiang Yuan and Zhaoyu Jin and Keling Chen and Lele Zhang},
  title={Deblending using normal moveout and median filtering in common-midpoint gathers},
  journal={Journal of Geophysics and Engineering},
  volume={11},
  number={4},
  pages={045012},
  url={http://stacks.iop.org/1742-2140/11/i=4/a=045012},
  year={2014},
  abstract={The benefits of simultaneous source acquisition are compromised by the challenges of dealing with intense blending noise. In this paper, we propose a processing workflow for blended data. The incoherent property of blending noise in the common-midpoint gathers is utilized for applying median filtering along the spatial direction after normal moveout (NMO) correction. The key step in the proposed workflow is that we need to obtain a precise velocity estimation which is required by the subsequent NMO correction. Because of the intense blending noise, the velocity scan cannot be obtained in one step. We can recursively polish both the deblended result and the velocity estimation by deblending using the updated velocity estimation and velocity scanning using the updated deblended result. We use synthetic and field data examples to demonstrate the performance of the proposed approach. The migrated image of deblended data is cleaner than that of blended data and is similar to that of unblended data.}
}

@Article{candes20061,
  author={E[] J[] Cand\`{e}s and L[] Demanet and D[] L[] Donoho and L[] Ying},
  title={Fast discrete curvelet transforms},
  journal={SIAM, Multiscale Modeling and Simulation},
  year=2006,
  Volume=5,
  pages={861-899},
}
@Article{yangkang20142,
  author={Yangkang Chen and Sergey Fomel and Jingwei Hu},
  title ={Iterative deblending of simultaneous-source seismic data using seislet-domain shaping regularization},
  journal={Geophysics},
  year=2014,
  volume=79,
  pages={V179-V189},
}
@Article{candes20062,
  author={E[] J[] Cand\`{e}s and J[] Romberg and T[] Tao},
  title={Robust uncertainty principles: Exact signal reconstruction from highly incomplete frequency information},
  journal={IEEE Transactions on Information Theory},
  year=2006,
  Volume=52,
  pages={489-509},
}

@Article{hennenfent2008,
  author={Gilles Hennenfent and Felix J[] Herrmann},
  title={Simply denoise: Wavefield reconstruction via jittered undersampling},
  journal={Geophysics},
  year=2008,
  Volume=73,
  pages={V19-V28},
}

@Article{herrmann2010,
  author={Felix J[] Herrmann},
  title={Randomized sampling and sparsity: Getting more information from fewer samples},
  journal={Geophysics},
  year=2010,
  Volume=75,
  pages={WB173-WB187},
}


@Article{donoho2006,
  author={D[] L[] Donoho},
  title={Compressed sensing},
  journal={IEEE transactions on Information Theory},
  year=2006,
  Volume=52,
  pages={1289-1306},
}

@book{mallat2009,
  author={S[] G[] Mallat},
  title={A wavelet tour of signal processing: The sparse way},
  publisher={Academic Press},
  year=2009,
}

@Article{herrmann2010,
  author={Felix J[] Herrmann},
  title={Randomized sampling and sparsity: Getting more information from fewer samples},
  journal={Geophysics},
  year=2010,
  Volume=75,
  pages={WB173-WB187},
}

@book{mallat2009,
  author={S[] G[] Mallat},
  title={A wavelet tour of signal processing: The sparse way},
  publisher={Academic Press},
  year=2009,
}








