@Book{parker,
  author =	 {Robert L[] Parker},
  title = 	 {Geophysical Inverse Theory},
  publisher = 	 {Princeton Univ. Press},
  year = 	 1994
}

@incollection{2dndft, 
  author={K[ees] O[] H[] Hindriks and A[dri] J[] W[] Duijndam and M[ichel] A[] Schonewille},
  title={Reconstruction of two-dimensional irregularly sampled wavefields}, 
  year=1997, 
  booktitle={67th Annual Internat. Mtg., Soc. Expl. Geophys., Expanded Abstracts}, 
  publisher={Soc. Expl. Geophys.}, 
  pages={1163-1166}, 
  address={Tulsa} 
 }

@incollection{4dgeco, 
  author={S[tephen] Morice and S[huki] Ronen and P[eter] Canter and K[en] Welker and D[ean] Clark}, 
  title={The impact of positioning differences on {4D} repeatability}, 
  year=2000, 
  booktitle={70th Annual Internat. Mtg., Soc. Expl. Geophys., Expanded Abstracts}, 
  publisher={Soc. Expl. Geophys.}, 
  pages={1611-1614}, 
  address={Tulsa} 
 }

@incollection{4dveritas, 
  author={R[ichar] J[] Legott and R[] G[areth] Williams and M[ark] Skinner}, 
  title={Co-location of {4D} seismic data in the presence of navigational and timing errors}, 
  year=1999, 
  booktitle={69th Annual Internat. Mtg., Soc. Expl. Geophys., Expanded Abstracts}, 
  publisher={Soc. Expl. Geophys.}, 
  pages={1699-1702}, 
  address={Tulsa} 
 }

@InCollection{AMOSEG,
  author ={B[iondo] Biondi and N[izar] Chemingui},
  title ={Transformation of {3-D} prestack data by azimuth moveout {(AMO)}},
  pages = {1541-1544},
  booktitle ={64th Ann. Internat. Mtg., Soc. Expl. Geophys., Expanded Abstracts},
  publisher = {Soc. Expl. Geophys.},
  year = {1994}
}

@book{DMObook, 
  author={Dave   Hale }, 
  title={Course Notes: Dip Moveout Processing}, 
  year=1991, 
  publisher={Soc. Expl. Geophys.}, 
  pages={130 pp}, 
  address={Tulsa}
	}

@incollection{EAE-1998-2051,
author={P[] Mazzucchelli and  F[] Rocca and U[] Spagnolini and S[] Spitz},
year={1998},
title={Wavefield Interpolation - {Continuation} or 
Prediction Filter Techniques? },
booktitle={61st Mtg. Eur. Assoc. Expl Geophys., Extended Abstracts},
publisher={European Association Of Geophysical Exploration},
pages={Session:02-51}}

@article{GEO61-03-08150820,
	 author = {B[] Zhou and I[] M[] Mason and S[] A[] Greenhalgh},
	 journal = {Geophysics},
	 number = {03},
	 pages = {815-820},
	 publisher = {Soc. Expl. Geophys.},
	 title = {An accurate formulation of log-stretch dip moveout in the frequency-wavenumber domain},
	 volume = {61},
	 year = {1996}
	}


@article{GEO61-04-11031114,
	 author = {A[] Canning and G[] H[] F[] Gardner},
	 journal = {Geophysics},
	 note = {Discussion and reply in GEO-62-4-1331},
	 number = {04},
	 pages = {1103-1114},
	 publisher = {Soc. Expl. Geophys.},
	 title = {Regularizing {3-D} data sets with {DMO}},
	 volume = {61},
	 year = {1996}
	}


@article{GEO61-06-18461858,
author={C[] Bagaini and U[] Spagnolini},
year={1996},
title={{2-D} continuation operators and their applications},
journal={Geophysics},
volume={61},
number={06},
pages={1846-1858}}

@article{Hale,
	author={ Dave Hale},
	title={{Dip-moveout by {F}ourier transform}},
	year={1984},
	journal={Geophysics},
	volume={49},
	number={6},
	pages={741-757}
}

@incollection{IDMO, 
  author={C[hristopher] L[]  Liner  and J[ack] K[]  Cohen }, 
  title={An Amplitude-Preserving Inverse of {H}ale`S {DMO}}, 
  year=1988, 
  booktitle={58th Annual Internat. Mtg., Soc. Expl. Geophys., Expanded Abstracts}, 
  publisher={Soc. Expl. Geophys.}, 
  pages={1117-1120}, 
  address={Tulsa} 
 }

@ARTICLE{IZO,
  author  = {S[huki] Ronen and V[aleri] Sorin and R[ichard] Bale},
  title   = {Spatial dealiasing of {3-D} seismic reflection data},
  journal = {Geophysical Journal International},
  pages   = {503-511},
  year    = {1991}
}

@incollection{SEG-1993-0673,
author={C[] Bagaini and U[] Spagnolini},
year={1993},
title={Common shot velocity analysis by shot continuation operator},
booktitle={63rd Annual Internat. Mtg., Soc. Expl. Geophys., Expanded Abstracts},
publisher={Society Of Exploration Geophysicists},
pages={673-676}}

@incollection{SEG-1994-1549,
author={C[] Bagaini and U[] Spagnolini and V[] P[] Pazienza},
year={1994},
title={Velocity analysis and missing offset restoration by prestack continuation operators},
booktitle={64th Annual Internat. Mtg., Soc. Expl. Geophys., Expanded Abstracts},
publisher={Society Of Exploration Geophysicists},
pages={1549-1552},
keywords={DMO, prestack, processing}}


@incollection{SEG-1996-0439,
author={U[] Spagnolini and S[] Opreni},
year={1996},
title={{3-D} shot continuation operator},
booktitle={66th Annual Internat. Mtg., Soc. Expl. Geophys., Expanded Abstracts},
publisher={Society Of Exploration Geophysicists},
pages={439-442},
keywords={DMO, interpolation, prestack, three-dimensional, time migration}}
		  
@incollection{SEG-1996-1731,
	 author = {Sergey Fomel and Norman Bleistein and Herman Jaramillo and Jack K[] Cohen},
	 booktitle = {66th Annual Internat. Mtg., Soc. Expl. Geophys., Expanded Abstracts},
	 keywords = {AVO, common offset, continuation, inversion, reflection coefficients},
	 pages = {1731-1734},
	 publisher = {Soc. Expl. Geophys.},
	 title = {True amplitude {DMO,} offset continuation and {AVA/AVO} for curved reflectors},
	 year = {1996}
	}

@incollection{SEG-1997-1901,
author={L[] Hong and Y[] Xingyao and L[] Youming and Y[] Changchun and G[] A[] McMechan},
year={1997},
title={The offset continuation in complex medium},
booktitle={67th Annual Internat. Mtg., Soc. Expl. Geophys., Expanded Abstracts},
publisher={Society Of Exploration Geophysicists},
pages={1901-1904},
keywords={imaging common offset time migration}}

@incollection{SEG-1998-1218,
author={M[] J[] Woodward and P[] Farmer and D[] Nichols and S[] Charles},
year={1998},
title={Automated {3-D} tomographic velocity analysis of residual moveout in prestack depth migrated common image point gathers},
booktitle={68th Annual Internat. Mtg., Soc. Expl. Geophys., Expanded Abstracts},
publisher={Society Of Exploration Geophysicists},
pages={1218-1221},
keywords={velocity tomography prestack depth migration three-dimensional}}

@incollection{SEG-1998-1995,
	 author = {Jon F[] Claerbout},
	 booktitle = {68th Annual Internat. Mtg., Soc. Expl. Geophys., Expanded Abstracts},
	 keywords = {deconvolution three-dimensional finite difference depth migration velocity},
	 pages = {1995-1998},
	 publisher = {Soc. Expl. Geophys.},
	 title = {Multidimensional recursive filters via a helix with application to velocity estimation and {3-D} migration},
	 year = {1998}}

@incollection{SEG-1999-0601,
	author={D[] C[] Henley},
	year={1999},
	title={The radial trace transform: an effective domain for coherent noise attenuation and wavefield separation},
	booktitle={69th Annual Internat. Mtg., Soc. Expl. Geophys., Expanded Abstracts},
        publisher = {Soc. Expl. Geophys.},
	pages={1204-1207}
}

@incollection{SEG-1999-16751678,
	 author = {James Rickett and Jon Claerbout},
	 booktitle = {69th Annual Internat. Mtg., Soc. Expl. Geophys., Expanded Abstracts},
	 keywords = {monitoring, passive},
	 pages = {1675-1678},
	 publisher = {Soc. Expl. Geophys.},
	 title = {Acoustic daylight imaging via spectral factorization: {Helioseismology} and reservoir monitoring},
	 year = {1999}}

@incollection{SEG-1999-19331936,
author={M[] Luo and Y[] Li and H[] Liu},
year={1999},
title={Amplitude preserving offset continuation in lateral varied media},
booktitle={69th Annual Internat. Mtg., Soc. Expl. Geophys., Expanded Abstracts},
publisher={Society Of Exploration Geophysicists},
pages={1933-1936},
keywords={amplitude, common midpoint, common offset, continuation, DMO}}

@incollection{SEG-1999-19951998,
author={P[] Mazzucchelli and F[] Rocca},
year={1999},
title={Regularizing land acquisitions using shot continuation operators: effects on amplitudes},
booktitle={69th Annual Internat. Mtg., Soc. Expl. Geophys., Expanded Abstracts},
publisher={Society Of Exploration Geophysicists},
pages={1995-1998}}

@Article{TAmig,
  author = {S[ergey] V[asilievich] Goldin},
  title = {Estimation of reflection coefficient under migration of
		  converted and monotype waves},
  journal = {Russian Geology and Geophysics},
  year = {1992},
  volume = {33},
  number = {4},
  pages = {76-90}
}
		  
		  
@article{TLE13-09-09270936,
author={R[] Versteeg},
year={1994},
title={The {Marmousi} experience: {Velocity} model determination on a synthetic complex data set},
journal={The Leading Edge},
volume={13},
number={09},
pages={927-936}}

@Book{ab,
  author = 	 {M[arko] Petkovsek and H[erbert] S[] Wilf and D[oron] Zeilberger},
  title = 	 {{$A=B$}},
  publisher = 	 {A K Peters Ltd.},
  year = 	 1996,
  address =	 {Wellesley, MA}
}

@incollection{amo, 
  author={S[ergey] Fomel and B[iondo] Biondi}, 
  title={The time and space formulation of azimuth moveout}, 
  year=1995, 
  booktitle={65th Ann. Internat. Mtg., Soc. Expl. Geophys., Expanded Abstracts}, 
  publisher={Soc. Expl. Geophys.}, 
  pages={1449-1452}, 
  address={Houston}         
}

@incollection{anat,
  author={A[nat] J[] Canning and G[erald] H[] F[] Gardner },
  title={Feathering Correction for {3-D} Marine Data},
  year=1992,
  booktitle={62nd Annual Internat. Mtg., Soc. Expl. Geophys., Expanded
		  Abstracts},
  publisher={Soc. Expl. Geophys.},
  pages={955-957},
  address={New {O}rleans},
  keywords={dmo, 3-D, prestack}
        }

@Book{atmos,
  author = 	 {R[oger] Daley},
  title = 	 {Atmospheric data analysis},
  publisher = 	 {Cambridge University Press},
  year = 	 1991
}

@Book{babich,
  author = 	 {V[] M[] Babich},
  title = 	 {{Short-wavelength diffraction theory: asymptotic methods}},
  publisher = 	 {Springer-Verlag},
  year = 	 {1991},
  address = 	 {Berlin; New York}
  }

@Article{bale,
  author = 	 {S[huki] Ronen and V[aleri] Sorin and R[ichard] Bale},
  title = 	 {Spatial dealiasing of {3-D} seismic reflection data},
  journal = 	 {Geophysical Journal International},
  year = 	 {1991},
  OPTvolume = 	 {105},
  pages =	 {503-511}
}

@InProceedings{berg,
  author ={L[] A[] Berg},
  title ={Prestack partial migration},
  year = {1985},		  
  meeting = 	 {EAEG Meeting},
  booktitle =    {EAEG Meeting},
  address = 	 {Budapest, Hungary},
  howpublished = {talk}
}

@Article{beylkin,
  author = 	 {G[regory] Beylkin},
  title = 	 {Imaging of discontinuities in the inverse scattering
		  problem by inversion of a causal generalized {Radon}
		  transform} ,
  journal = 	 {Journal of Mathematical Physics},
  year = 	 {1985},
  volume = 	 {26},
  pages = 	 {99-108}
}

@incollection{biondoSEG,
author={B[iondo] Biondi},
year={1997},
title={Azimuth moveout + common-azimuth migration: {Cost-effective} prestack depth imaging of marine data},
booktitle={67th Annual Internat. Mtg., Soc. Expl. Geophys., Expanded Abstracts},
publisher={Soc. Expl. Geophys.},
pages={1375-1378},
keywords={seismic migration depth migration prestack three-dimensional}}

@Article{black,
  author = {J[ames] L. Black and K[arl] L. Schleicher and L[in] Zhang},
  title = {True-amplitude imaging and dip moveout},
  journal = {Geophysics},
  year = {1993},
  volume = {58},
  number = {1},
  pages = {47-66}
}

@incollection{born, 
  author={N[orman]   Bleistein }, 
  title={{B}orn {DMO} Revisited}, 
  year=1990, 
  booktitle={60th Annual Internat. Mtg., Soc. Expl. Geophys., Expanded Abstracts}, 
  publisher={Soc. Expl. Geophys.}, 
  pages={1366-1369}, 
  address={Tulsa} 
        }

@incollection{bube,
  author={K[enneth] P[] Bube and R[obert] T[] Langan},
  title={A continuation approach to regularization for traveltime tomography},
  year=1994,
  booktitle={64th Annual Internat. Mtg., Soc. Expl.
  Geophys., Expanded Abstracts},
  publisher={Soc. Expl. Geophys.},
  pages={980--983},
  address={Los Angeles}
       }

@article{canning,
author={A[nat] Canning and Gerald H[] F[] Gardner},
year={1998},
title={Reducing {3-D} acquisition footprint for {3-D} {DMO} and {3-D} prestack migration},
journal={Geophysics},
volume={63},
number={04},
pages={1177-1183}}


@Book{cerveny,
  author = 	{V[lastislav] \v{C}erven\v{y} and I[] A[] Molotkov and
		  I[] P\v{s}en\v{c}ik},
  title = 	{{Ray method in seismology}} ,
  publisher = 	{Univerzita Karlova},
  year = 	 {1977},
  address = 	 {Praha}
  }

@article{comaz,
author={B[iondo] Biondi and G[opal] Palacharla},
year={1996},
title={{3-D} prestack migration of common-azimuth data},
journal={Geophysics},
volume={61},
number={06},
pages={1822-1832}}

@book{cwp,
  author = 	 {N[orman] Bleistein and J[ack] K[] Cohen},
  title = 	 {The effect of curvature on true amplitude {DMO}:
		  {Proof} of concept},
  publisher =  {ACTI, 4731U0015-2F; CWP-193},
  year = 	 {1995},
  address =	 {Colorado School of Mines}
}

@Book{deBoor,
  author = 	 {C[arl] de Boor},
  title = 	 {A practical guide to splines},
  publisher = 	 {Springer-Verlag},
  year = 	 1978
}

@ARTICLE{ofcon2,
  author = {S[ergey] Fomel},
  journal = {submitted for publication in Geophysics},
  title = {Seismic reflection data interpolation with differential
  offset and shot continuation},
  year = {2002}
}

@ARTICLE{pwd,
  author = {S[ergey] Fomel},
  journal = {submitted for publication in Geophysics},
  title = {Applications of plane-wave destructor filters},
  year = {2000}
}

@incollection{delft,
author={Ewoud J[] van~Dedem and D[irk] J[] Verschuur},
year={1998},
title={{3-D} surface-related multiple elimination and interpolation},
booktitle={68th Ann. Internat. Mtg., Soc. Expl. Geophys., Expanded Abstracts},
publisher={Soc. Expl. Geophys.},
pages={1321-1324},
keywords={seismic processing attenuation three-dimensional interpolation least squares}}

@book{dmo,
author={D[ave] Hale},
year={1991},
title={Course notes: Dip moveout processing},
city={Tulsa},
publisher={Soc. Expl. Geophys.},
pages={130 pp}
}

@Proceedings{dmocoll,
  title = 	 {DMO processing},
  year = 	 1995,
  editor =	 {D[] Hale},
  publisher =	 {Society Of Exploration Geophysicists}
}

@article{dragoset,
author={W[illiam] H[] Dragoset and Z[eljko] Jericevic},
year={1998},
title={Some remarks on surface multiple attenuation},
journal={Geophysics},
volume={63},
number={02s},
pages={772-789}}

@Book{estimat,
  author = 	 {P[aul] B[] Liebelt},
  title = 	 {An introduction to optimal estimation},
  publisher = 	 {Addison-Wesley},
  year = 	 1967,
  address =	 {Reading, Mass.}
}

@incollection{exxon,
author={E[] C[] Trantham and R[] E[] Duren and E[] A[] Eriksen},
year={1997},
title={Wavefield reconstruction},
booktitle={67th Annual Internat. Mtg., Soc. Expl. Geophys., Expanded Abstracts},
publisher={Society Of Exploration Geophysicists},
pages={1931-1933}}

@incollection{exxon2,
author={E[rik] A[] Eriksen and R[ichard] E[] Duren and E[] C[lark] Trantham},
year={1997},
title={Wavefield reconstruction},
booktitle={67th Annual Internat. Mtg., Soc. Expl. Geophys., Expanded Abstracts},
publisher={Society Of Exploration Geophysicists},
pages={75-78}}

@Book{fung,
  author = 	 {Y[] C[] Fung},
  title = 	 {Foundations of solid mechanics},
  publisher = 	 {Prentice-Hall},
  year = 	 1965
}

@Book{gandin,
  author = 	 {L[ev] S[emenovich] Gandin},
  title = 	 {Objective analysis of meteorological fields},
  publisher = 	 {Jerusalem, Israel Program for Scientific Translations},
  year = 	 1965
}

@Article{garcia,
  author = 	 {A[ntonio] G[] Garcia},
  title = 	 {Orthogonal sampling formulas: {A} unified approach},
  journal = 	 {SIAM Review},
  year = 	 2000,
  volume =	 42,
  number =	 3,
  pages =	 {499-512}
}

@incollection{gardnerSEG,
author={G[erald] H[] F[] Gardner and A[nat] Canning},
year={1994},
title={Effects of irregular sampling on {3-D} prestack migration},
booktitle={64th Annual Internat. Mtg., Soc. Expl. Geophys., Expanded Abstracts},
publisher={Soc. Expl. Geophys.},
pages={1553-1556},
keywords={prestack, depth migration, aliasing, three-dimensional, AVO}}

@article{gazdag,
	author={ J[] Gazdag},
	title={{Wave equation migration with the phase shift method}},
	year={1978},
	journal={Geophysics},
	volume={43},
	pages={1342-1351}
}

@Book{geostat,
  author = 	 {C[layton] V[] Deutsch and A[ndre] G[] Journel},
  title = 	 {GSLIB: geostatistical software library and user's
                       guide},
  publisher = 	 {Oxford University Press},
  year = 	 1997
}

@Article{goldin,
  author = {S[ergey] V[asilievich] Goldin},
  title = {Estimation of reflection coefficient under migration of
		  converted and monotype waves},
  journal = {Russian Geology and Geophysics},
  year = {1992},
  volume = {33},
  number = {4},
  pages = {76-90}
}

@Book{goldintomo,
  author = 	 {S[ergey] V[asilievich] Goldin},
  title = 	 {Transformation and recovery of discontinuities in
		  problems of tomographic type},
  publisher = 	 {Institute of Geology and Geophysics},
  year = 	 {1988},
  address = 	 {Novosibirsk (in Russian)}
}

@article{grid,
author={Li, X. and  Gotze, H.},
year={1999},
title={Comparison of some gridding methods},
journal={The Leading Edge},
volume={18},
number={8},
pages={898-900}}

@Article{haddon,
  author = 	 {R[] A[] W[] Haddon and P[] W[] Buchen},
  title = 	 {Use of {Kirchhoff's} formula for body wave
		  calculations in the earth},
  journal =	 {Geophys. J. Roy. Astr. Soc.},
  year =	 {1981},
  volume =	 {67},
  pages =	 {587-598}
}

@InBook{handbook,
  author =       {P[hilippe] Th{\'{e}}venaz and T[hierry] Blu and M[ichael] Unser},
  booktitle =    {Handbook of Medical Image Processing},
  chapter =      {Image Interpolation and Resampling},
  publisher =    {, in press},
  year =         {2000}
}

@ARTICLE {harlan,
  author       = {W[illiam] S[] Harlan},
  journal      =
  {\newline http://billharlan.com/pub/papers/regularization.pdf},
  title        = {Regularization by Model Redefinition},
  year         = {1995}
}

@Article{helix,
  author = 	 {J[on] Claerbout},
  title = 	 {Multidimensional recursive filters via a helix},
  journal = 	 {Geophysics},
  year = 	 {1998},
  volume = 	 {63},
  number = 	 {5},
  pages = 	 {1532-1541}
}

@incollection{henley,
	 author = { D[avid] Henley},
	 booktitle = {70th Annual Internat. Mtg., Soc. Expl. Geophys., Expanded Abstracts},
	 pages = {2111-2114},
	 publisher = {Soc. Expl. Geophys.},
	 title = {Wavefield separation and other useful applications in the radial trace domain},
	 year = {2000}}

@Book{hohn,
  author = 	 {M[ichael] E[] Hohn},
  title = 	 {Geostatistics and petroleum geology},
  publisher = 	 {Kluwer Academic Publishers},
  year = 	 1999
}


@Article{jgida,
  author = 	 {G[r\'{e}goire] Dubois},
  title = 	 {Spatial Interpolation Comparison 97: {Foreword} and Introduction},
  journal = 	 {Journal of Geographic Information and Decision Analysis},
  year = 	 1999,
  volume =	 2,
  pages =	 {1-10}
}

@Article{joint,
  author = 	 {S[ergey] V[asilievich] Goldin and S[ergey]
		  B[orisovich] Fomel},
  title = 	 {Estimation of Reflection Coefficient in {DMO}},
  journal =	 {Russian Geology and Geophysics},
  year =	 {1995},
  volume =	 {36},
  number =	 {4},
  pages =	 {103-115}
}

@Book{journel,
  author = 	 {A[] G[] Journel and C[h] J[] Huijbregts},
  title = 	 {Mining geostatistics},
  publisher = 	 {Academic Press},
  year = 	 1978
}

@Article{kaiser,
  author = 	 {J[] F[] Kaiser and R[] W[] Shafer},
  title = 	 {On the Use of the {I0-Sinh} Window for Spectrum Analysis},
  journal = 	 {IEEE Trans. Acoustics, Speech and Signal Processing},
  year = 	 1980,
  volume =	 {ASSP-28(1)},
  pages =	 105
}


@Article{keys,
  author = 	 {R[obert] G[] Keys},
  title = 	 {Cubic convolution interpolation for digital image processing},
  journal = 	 {IEEE Trans. Acoust., Speech, Signal Process.},
  year = 	 1981,
  volume =	 {ASSP-29},
  pages =	 {1153-1160}
}

@ARTICLE{kolmog,
  author  = {A[ndr\'{e}] N[] Kolmogoroff},
  title   = {Sur l'interpolation et extrapolation des suites stationnaires},
  journal = {C.R. Acad.Sci.},
  volume  = 208,
  pages   = {2043-2045},
  year    = {1939},
  publisher = {Gauthier-Villars},
  address = {Paris}
}

@Article{kotelnikov,
  author = 	 {V[] A[] Kotel'nikov},
  title = 	 {On the transmission capacity of ``ether'' and wire in electrocommunications},
  journal = 	 {Izd. Red. Upr. Svyazi RKKA},
  publisher =    {Moscow},
  year = 	 1933
}
	
@Book{kurant,
  author = 	{R[ichard] Courant},
  title = 	{{Methods of mathematical physics}} ,
  publisher = 	{Interscience Publishers},
  year = 	 {1962},
  address = 	 {New York}
  }

@Article{me,
  author = {S[ergey] B[orisovich] Fomel},
  title = {Kinematically equivalent differential operator for offset
		  continuation of seismic sections},
  journal = {Russian Geology and Geophysics},
  year = {1994},
  volume = {35},
  number = {9},
  pages = {122-134}
}

@incollection{mom,
author={T[] Blu and P[] Th{\'{e}}venaz and M[] Unser},
year={1998},
title={Minimum support interpolators with optimum approximation properties},
booktitle={Proc. IEEE Int. Conf. Image Processing, Chicago, IL, USA, October 4-7},
publisher={IEEE},
pages={242-245}
}

@incollection{morganSEG,
	 author = { M[organ] Brown and  J[on] Claerbout},
	 booktitle = {70th Annual Internat. Mtg., Soc. Expl. Geophys., Expanded Abstracts},
	 pages = {2115-2118},
	 publisher = {Soc. Expl. Geophys.},
	 title = {A pseudo-unitary implementation of the radial trace transform},
	 year = {2000}}

@Book{moritz,
  author = 	 {H[elmut] Moritz},
  title = 	 {Advanced physical geodesy},
  publisher = 	 {Abacus Press},
  year = 	 1980
}

@Article{muir,
  author = 	 {A[] M[] Popovici and F[] Muir and P[] Blondel},
  title = 	 {Stolt redux: {A} new interpolation method},
  journal = 	 {Journal of Seismic Exploration},
  year = 	 1996,
  volume =	 5,
  number =	 4,
  pages =	 {341-347}
}

@InProceedings{myDMO,
  author ={A[lexey] M[ihailovich] Stovas and S[ergey] B[orisovich] Fomel},
  title = {Kinematically equivalent {DMO} operators},
  year = 	 {1993}, 
  number = 	 {13},
  meeting = 	 {SEG-Moscow},
  booktitle =    {SEG-Moscow},
  address = 	 {Moscow},
  howpublished = {talk}
}
	
@article{mywilson,
author={G[] Wilson},
year={1969},
title={Factorization of the covariance generating function of a pure moving average process},
journal={SIAM J. Numer. Anal.},
volume={6},
number={1},
pages={1-7}}

@article{ndft,
author={Duijndam, A. J. W. and  Schonewille, M. A. and  Hindriks, C. O. H.},
year={1999},
title={Reconstruction of band-limited signals, irregularly sampled along one spatial direction},
journal={Geophysics},
volume={64},
number={2},
pages={524-538}}

@incollection{nizar,
  author={N[izar] Chemingui and B[iondo] Biondi},
  title={Handling the irregular geometry in wide azimuth surveys},
  year=1996,
  booktitle={66th Annual Internat. Mtg., Soc. Expl.
  Geophys., Expanded Abstracts},
  publisher={Soc. Expl. Geophys.},
  pages={32-35},
  address={Tulsa}
        }

@incollection{nizarSEG, 
  author={B[iondo] Biondi and N[izar] Chemingui}, 
  title={Transformation of {3-D} prestack data by azimuth moveout ({AMO})}, 
  year=1994, 
  booktitle={64th Annual Internat. Mtg., Soc. Expl. Geophys., Expanded Abstracts},
  publisher={Soc. Expl. Geophys.}, 
  pages={1541-1544}, 
  address={Los Angelos}         
}

@Book{norm,
  author = 	 {N[orman] Bleistein},
  title = 	 {Mathematical Methods for wave Phenomena},
  publisher = 	 {Academic Press Inc. (Harcourt Brace Jovanovich Publishers)},
  year = 	 {1984},
  address =	 {New York}
}

@Book{ode,
  author = 	 {M[orris] Tenenbaum and H[arry] Pollard},
  title = 	 {Ordinary differential equations : an elementary textbook for students of mathematics, engineering, and the sciences},
  publisher = 	 {Dover Publications},
  year = 	 1985
}

@Book{piskunov,
  author =      {N[] Piskunov},
  title =       {Differential and Integral Calculus} ,
  publisher =   {Mir Publishers},
  year =         {1974},
  address =      {Moscow}
  }

@Article{plag,
  author = {S[ergey] V[asilievich] Goldin},
  title = {Superposition and continuation of tranformations used in
		  seismic migration},
  journal = {Russian Geology and Geophysics},
  year = {1994},
  volume = {35},
  number = {9},
  pages = {131-145}
}

@incollection{ronen,
  author={S[huki] Ronen and D[avid] Nichols and R[ichard] Bale and R[alf] Ferber},
  title={Dealiasing {DMO}: Good-pass, bad-pass, and unconstrained},
  year=1995,
  booktitle={65th Annual Internat. Mtg., Soc. Expl.
  Geophys., Expanded Abstracts},
  publisher={Soc. Expl. Geophys.},
  pages={743-746},
  address={Tulsa}
        }

@InCollection{ronenSEG,
  author = {S[huki] Ronen},
  title ={Handling irregular geometry: Equalized {DMO} and beyond},
  pages = {1545-1548},
  booktitle ={64th Ann. Internat. Mtg., Soc. Expl. Geophys., Expanded Abstracts},
  publisher = {Soc. Expl. Geophys.},
  year = {1994}
}
	
@INcollection{ryzhikov,
  author = {G[ennady] Ryzhikov and V[ladimir] Troyan},
  title  = {On regularization methods in {3-D} ray tomography},
  booktitle = {Geophysical Data Interpretation by Inverse Modeling, Proc. of the
9-th International Seminar on Model Optimization in Exploration
Geophysics},
  publisher = {Vieweg, Wiesbaden},
  address   = {Berlin},
  pages     = {53--61},
  year      = {1991}
}

@Article{sandwell,
  author = 	 {D[avid] T[] Sandwell},
  title = 	 {Biharmonic spline interpolation of {GEOS-3} and {SEASAT} altimeter data},
  journal = 	 {Geophys. Res. Letters},
  year = 	 1987,
  volume =	 14,
  number =	 2,
  pages =	 {139-142}
}
	
@Article{schweikert,
  author = 	 {D[aniel] G[] Schweikert},
  title = 	 {An interpolation curve using a spline in tension},
  journal = 	 {Journal of Mathematics and Physics},
  year = 	 1966,
  volume =	 45,
  pages =	 {312-313}
}
	
@Article{shannon,
  author = 	 {C[] E[] Shannon},
  title = 	 {Communication in the presense of noise},
  journal = 	 {Proc. I.R.E.},
  year = 	 1949,
  volume =	 37,
  pages =	 {10-21}
}

@book{stone,
author={D[ale] G[] Stone},
year={1994},
title={Designing surveys in two and three dimensions},
publisher={Soc. Expl. Geophys.},
keywords={3-D, sampling theory, array, group interval, fold, attribute analysis}}

@Article{stovas,
  author =       {A[lexey] M[ikhailovich] Stovas and S[ergey]
                  B[orisovich] Fomel},
  title =        {Kinematically equivalent integral {DMO} operators},
  journal =      {Russian Geology and Geophysics},
  year =         1996,
  volume =       37,
  number =       2,
  pages =        {102-113}
}

@Article{swain,
  author = 	 {C[] J[] Swain},
  title = 	 {A {FORTRAN IV} program for interpolating irregularly spaced data using the difference equations for minimum curvature},
  journal = 	 {Computers and Geosciences},
  year = 	 1976,
  volume =	 1,
  pages =	 {231-240}
}

@Article{symes,
  author = 	 {W[] Symes},
  title = 	 {The plane wave detection problem},
  journal = 	 {Inverse Problems},
  year = 	 {1994},
  volume = 	 {10},
  pages = 	 {1361-1391}
}

@Book{table,
  author = 	 {I[] S[] Gradshtein and I[] M[] Ryzhik},
  title = 	 {Table of integrals, series, and products},
  publisher = 	 {Boston: Academic Press},
  year = 	 {1994}
}

@Book{tikh,
  author = {A[] N[] Tikhonov and V[] Y[] Arsenin},
  title  = {Solution of ill-posed problems},
  publisher =    {John Wiley and Sons},
  year =         1977
}

@Book{timoshenko,
  author = 	 {S[] Timoshenko and S[] Woinowsky-Krieger},
  title = 	 {Theory of plates and shells},
  publisher = 	 {McGraw-Hill},
  year = 	 1968
}

@Book{tomo,
  title = 	 {Seismic tomography: with applications in global seismology and exploration geophysics},
  publisher = 	 {D. Reidel},
  year = 	 1987,
  editor =	 {G[uust] Nolet}
}

@Article{unser,
  author = 	 {M[] Unser},
  title = 	 {Splines: a perfect fit for signal and image processing},
  journal = 	 {IEEE Signal Processing Magazine},
  year = 	 1999,
  volume =	 16,
  number =	 6,
  pages =	 {22-38}
}

@Article{unser1,
  author = 	 {M[] Unser and A[] Aldroubi and M[] Eden},
  title = 	 {B-Spline signal processing: {Part I -- Theory}},
  journal = 	 {IEEE Transactions on Signal Processing},
  year = 	 1993,
  volume =	 41,
  month =	 {February},
  pages =	 {821-832}
}

@Article{unser2,
  author = 	 {M[] Unser and A[] Aldroubi and M[] Eden},
  title = 	 {B-Spline signal processing: {Part II -- Efficient} design and applications},
  journal = 	 {IEEE Transactions on Signal Processing},
  year = 	 1993,
  volume =	 41,
  month =	 {February},
  pages =	 {834-848}
}

@article{verschuur,
author={D[] J[] Verschuur and A[] J[] Berkhout},
year={1997},
title={Estimation of multiple scattering by iterative inversion, part {II}: {Practical} aspects and examples},
journal={Geophysics},
volume={62},
number={05},
pages={1596-1611}}

@Book{watson,
  author = 	 {G[] N[] Watson},
  title = 	 {A treatise on the theory of {Bessel} functions},
  publisher = 	 {Cambridge University Press},
  year = 	 {1952},
  edition = 	 {2nd}
}

@Book{wavelet,
  author = 	 {I[ngrid] Daubechies},
  title = 	 {Ten lectures on wavelets},
  publisher = 	 {SIAM},
  year = 	 1992,
  address =	 {Philadelphia, Pennsylvania}
}

@article{weglein,
author={A[] B[] Weglein and F[] A[] Gasparotto and P[] M[] Carvalho and  R[] H[] Stolt},
year={1997},
title={An inverse-scattering series method for attenuating multiples in seismic reflection data},
journal={Geophysics},
volume={62},
number={06},
pages={1975-1989}}

@Book{wolberg,
  author = 	 {G[eorge] Wolberg},
  title = 	 {Digital image warping},
  publisher = 	 {IEEE Computer Society Press},
  year = 	 1990
}

@Article{zvi,
  author = {Z[vi] Ben-Avraham and G[ideon] Amit and A[ric] Golan and
		  Z[eev] B[inyamin] Begin}, 
  title = 	 {The bathymetry of {L}ake {K}inneret and its structural
		  significance },
  journal = {Israel Journal of Earth Sciences},
  year = 	 {1990},
  volume = 	 {39},
  pages = 	 {77-84}
}

@Book{golub,
  author = 	 {G[ene] H[] Golub and C[harles] F[] {Van~Loan}},
  title = 	 {Matrix Computations},
  publisher = 	 {The John Hopkins University Press},
  year = 	 1996
}

@Book{samko,
  author = 	 {S[] G[] Samko and A[] A[] Kilbas and O[] I[] Marichev},
  title = 	 {Fractional integrals and derivatives: theory and applications},
  publisher = 	 {Gordon and Breach Science Publishers},
  year = 	 1993
}

@incollection{mosher,
	 author = {C[] C[] Mosher and D[] J[] Foster and S[] Hassanzadeh},
	 booktitle = {67th Annual Internat. Mtg., Soc. Expl. Geophys., Expanded Abstracts},
	 keywords = {imaging AVO three-dimensional radon transforms},
	 pages = {1379-1382},
	 publisher = {Soc. Expl. Geophys.},
	 title = {Common angle imaging with offset plane waves},
	 year = {1997}
	}

@Article{tygel,
  author = 	 {L[] T[] Santos and J[] Schleicher and M[] Tygel},
  title = 	 {{2.5-D} true-amplitude offset continuation },
  journal = 	 {Journal of Seismic Exploration},
  year = 	 1997,
  volume =	 6,
  number =	 {2-3},
  pages =	 {103-116}
}

@Article{wilsonburg,
  author = 	 {S[] Fomel and P[] Sava and J[] Rickett and J[] Claerbout},
  title = 	 {The {Wilson-Burg}
  method of spectral factorization
  with application to helical filtering},
  journal = 	 {submitted to Geophysical Prospecting},
  year = 	 2002
}

@Article{Hestenes.1952,
  author = 	 {M[] R[] Hestenes and E[] Steifel},
  title = 	 {Methods of Conjugate Gradients for Solving Linear Systems},
  journal =	 {J. Res. Nat. Bur. Stand.},
  year =	 {1952},
  volume =	 {49},
  pages =	 {409--436}
}

@article{Paige.acm.8.195,
   author = {C[] C[] Paige and M[] A[] Saunders},
   journal = {Assn. Comp. Mach. Trans. Mathematical Software},
   pages = {195--209},
   title = {Algorithm 583, {LSQR}: {S}parse linear equations and least squares problems},
   volume = {8},
   year = {1982}
}

@Book{gee,
  author = 	 {J[on] Claerbout},
  title = 	 {{G}eophysical estimation by example: {E}nvironmental soundings image enhancement},
  publisher = 	 {Stanford Exploration Project},
  year = 	 {1999},
  address = 	 {http://sepwww.stanford.edu/sep/prof/}
}

@book{Claerbout.blackwell.76,
   author = {J[on] Claerbout},
   publisher = {Blackwell},
   title = {Fundamentals of Geophysical Data Processing},
   year = {1976}
}

@book{Claerbout.blackwell.92,
   author = {J[on] Claerbout},
   publisher = {Blackwell Scientific Publications},
   title = {{Earth Soundings Analysis: Processing Versus Inversion}},
   year = {1992}
}
