
@Article{pwd,
  author={Sergey Fomel},
  title={Application of plane-wave destruction filters},
  journal={Geophysics},
  year=2002,
  Volume=67,
  pages={1946-1960}
}


@Article{lifting,
  author = {W[] Sweldens},
  title={Lifting scheme: A new philosophy in biorthogonal wavelet constructions: Wavelet Applications in Signal and Image Processing III},
  journal={Proceedings of SPIE 2569},
  year=1995,
  pages={68-79},
}

@Article{qie2013,
  author = {Qie Zhang and Ray Abma and Imtiaz Ahmed},
  title ={A marine node simultaneous source acquisition trial at Atlantis, Gulf of Mexico},
  journal={83rd Annual International Meeting, SEG, Expanded Abstracts},
  year=2013,
  pages={99-103},
}
@Article{gino2013,
  author = {Gino Alexander and Ray Abma and Richard Clarke and Susan La Dart},
  title ={Processing results of simultaneous source surveys compared to conventional surveys},
  journal={83rd Annual International Meeting, SEG, Expanded Abstracts},
  year=2013,
  pages={104-108},
}

@Article{arazthesis,
  author = {Araz Mahdad},
  title ={Deblending of seismic data},
  journal={TU Delft, PhD thesis},
  year=2012,
}

@Article{ted2013,
  author = {Ted Manning and Khaliq Ahmad},
  title ={The impact of ISS blending and source separation on refraction statistics modeling},
  journal={83rd Annual International Meeting, SEG, Expanded Abstracts},
  year=2013,
  pages={114-118},
}

@Article{lin2009,
  author = {T[] T[] Lin and F[] J[] Herrmann},
  title ={Designing simultaneous acquisitions with compressive sensing},
  journal={71st Annual International Conference and Exhibition, EAGE, Extended Abstracts},
  year=2009,
}

@Article{beasley1,
  author = {C[] J[] Beasley and R[] E[] Chambers and Z[] Jiang},
  title ={A new look at simultaneous sources},
  journal={68th Annual International Meeting, SEG, Expanded Abstracts},
  year=1998,
  pages={133-135},
}

@Article{spitz2008,
  author ={Simon Spitz and Gary Hampson and Antonio Pica },
  title ={Simultaneous source separation: a prediction-subtraction approach},
  journal={78th Annual International Meeting, SEG, Expanded Abstracts},
  year=2008,
  pages={2811-2814},
}

@Article{zhiyong2010,
  author ={Zhiyong Jiang and Ray Abma},
  title ={An analysis on the simultaneous imaging of simultaneous source data},
  journal={80st Annual International Meeting, SEG, Expanded Abstracts},
  year=2010,
  pages={3115-3118},
}


@Article{beasley2,
  author = {C[] J[] Beasley},
  title ={A new look at marine simultaneous sources},
  journal={The Leading Edge},
  Volume=27,
  year=2008,
  pages={914-917},
}

@Article{waz,
  author = {S[] Michell and E[] Shoshitaishvili and D[] Chergotis and J[] Sharp and J[] Etgen},
  title ={Wide azimuth streamer imaging of mad dog; Have we solved the subsalt imaging problem?},
  journal={76th Annual International Meeting, SEG, Expanded Abstracts},
  year=2006,
  pages={2905-2909},
}


@Article{berk,
  author = {A[] J[] Berkhout},
  title ={Changing the mindset in seismic data acquisition},
  journal={The Leading Edge},
  Volume=27,
  year=2008,
  pages={924-938},
}

@Article{pana1,
  author={Panagiotis Doulgeris and Kenneth Bube and Gary Hampson and Gerrit Blacquiere},
  title = {Covergence analysis of a coherency-constrained inversion for the separation of blended data},
  journal={Geophysical Prospecting},
  Volume=60,
  year=2012,
  pages={769-781},
}

@Article{pana2,
  author={Panagiotis Doulgeris and Kenneth Bube},
  title ={Analysis of a coherency-constrained inversion for the separateion of blended data: discovering the leakage subspace},
  journal={74th Annual International Conference and Exhibition, EAGE, Extended Abstracts},
  year=2012,
  }

@Article{akerberg2008,
  author={Peter Akerberg and Gary Hampson and James Rickett and Harry Martin and Jeff Cole},
  title ={Simultaneous source separation by sparse Radon transform},
  journal={78th Annual International Meeting, SEG, Expanded Abstracts},
  year=2008,
  pages={2801-2805},
}

@Article{borselen2012,
  author={Roald van~Borselen and Rolf Baardman and Tony Martin and Bedanta Goswami and Eivind Fromyr},
  title={An inversion approach to separating sources in marine simultaneous shooting acquision-application to a Gulf of Mexico data set},
  journal={Geophysical Prospecting},
  year=2012,
  Volume=60,
  pages={640-647},
}


@Article{rtm,
  author = {Wei Dai and Paul Fowler and Gerard T. Schuster},
  title={Multi-source least-squares reverse time migration},
  journal={Geophysical Prospecting},
  year=2012,
  Volume=60,
  pages={681-695},
}

@Article{fwi,
  author={Rene-Edouard Plessix and Guido Baeten and Jan Willem de Maag and Fons ten Kroode and Zhang Rujie},
  title={Full waveform inversion and distance separated simultaneous sweeping: a study with a land seismic data set},
  journal={Geophysical Prospecting},
  year=2012,
  Volume=60,
  pages={733-747},
}

@Article{mwi,
  author={Yunseok Choi and Tariq Alkhalifah},
  title={Application of multi-source waveform inversion to marine streamer data using the global correlation norm},
  journal={Geophysical Prospecting},
  year=2012,
  Volume=60,
  pages={748-758},
}


@Article{sfi,
  author={Antoine Guitton and Esteban Diaz},
  title={Attenuating crosstalk noise with simultaneous source full waveform inversion},
  journal={Geophysical Prospecting},
  year=2012,
  Volume=60,
  pages={759-768},
}

@Article{araz2012,
  author={Araz Mahdad and Panagiotis Doulgeris and Gerrit Blacquiere},
  title={Iterative method for the separation of blended seismic data: discussion on the algorithmic aspects},
  journal={Geophysical Prospecting},
  year=2012,
  Volume=60,
  pages={782-801},
}

@Article{fomel1,
  author={Sergey Fomel},
  title={Shapping regularization in geophysical estimation problems},
  journal={75th Annual International Meeting, SEG, Expanded Abstracts},
  year=2005,
  pages={1673-1676},
}

@Article{fomel2,
  author={Sergey Fomel},
  title={Shaping regularization in geophysical-estimation problems},
  journal={Geophysics},
  year=2007,
  Volume=72,
  pages={R29-R36},
}

@Article{fomel3,
  author={Sergey Fomel},
  title={Nonlinear shapping regularization in geophysical inverse problems},
  journal={78th Annual International Meeting, SEG, Expanded Abstracts},
  year=2008,
  pages={2046-2051},
}

@Article{fomel4,
  author={Sergey Fomel},
  title={Towards the seislet transform},
  journal={76th Annual International Meeting, SEG, Expanded Abstracts},
  year=2006,
  pages={2847-2850},
}

@Article{tik,
author={A[] N[] Tikhonov},
title={Solution of incorrectly formulated problems and the regularization method},
journal={Soviet Mathematics Doklady},
year=1963,
pages={1035-1038},
}

@Article{proj,
  author={Craig J[] Beasley and Bill Dragoset and Antoun Salama},
  title={A 3D simultaneous source field test processed using alternating projections: a new active separation method},
  journal={Geophysical Prospecting},
  year=2012,
  Volume=60,
  pages={591-601},
}

%liu Yang
@Article{seislet,
  author = 	 {S[] Fomel and Y[] Liu},
  title = 	 {Seislet transform and seislet frame},
  journal = 	 {Geophysics},
  year = 	 2010,
  volume =	 75,
  pages =	 {V25-V38},
}

@Article{liu,
  author = 	 {Y[] Liu and Sergey Fomel},
  title = 	 {Seismic data analysis using local time-frequency decomposition},
  journal = 	 {Geophyscial Prospecting},
  year = 	 2012,
  volume =	 60,
  pages =	 {1-10},
}

@Article{fomel2007localattr,
  author={Sergey Fomel},
  title={Local seismic attributes},
  journal={Geophysics},
  year=2007,
  Volume=72,
  pages={A29-A33},
}

@Article{wapenaar20121,
  author = 	 {Kees Wapenaar and Joost van~der~Neut and Jan Thorbecke},
  title = 	 {Deblending by direct inversion},
  journal = 	 {Geophysics},
  year = 	 2012,
  volume =	 77,
  pages =	 {A9-A12},
}

@Article{wapenaar20122,
  author={K[] Wapenaar and J[] van~der~Neut and J[] Thorbecke},
  title={On the relation between seismic interferometry and the simultaneous-source method},
  journal = 	 {Geophysical Prospecting},
  year = 	 2012,
  volume =	 60,
  pages =	 {802-823},
}
@Article{mahdad2010,
  author={Araz Mahdad and Gerrit Blacquiere},
  title={Iterative deblending of blended encoded shot records},
  journal={72nd Annual International Conference and Exhibition, EAGE, Extended Abstracts},
  year=2010,
}
@Article{panagiotis20122,
  author={Panagiotis Doulgeris and Kenneth Bube and Gary Hampson and Gerrit Blacquiere},
  title = {Covergence analysis of a coherency-constrained inversion for the separation of blended data},
  journal={Geophysical Prospecting},
  Volume=60,
  year=2012,
  pages={769-781},
}

@Article{araz2011,
  author = 	 {Araz Mahdad and Panagiotis Doulgeris and Gerrit Blacquiere},
  title = 	 {Separation of blended data by iterative estimation and subtraction of blending interference noise},
  journal = 	 {Geophysics},
  year = 	 2011,
  volume =	 76,
  pages =	 {Q9-Q17},
}

@Article{mediandeblend,
  author={Shoudong Huo and Yi Luo and Panos G[] Kelamis},
  title={Simultaneous sources separation via multidirectional vector-median filtering},
  journal = 	 {Geophysics},
  year = 	 2012,
  volume =	 77,
  pages =	 {V123-V131},
}

@Article{kim2009,
  author = 	 {Y[] Kim and I[] Gruzinov and M[] Guo and S[] Sen},
  title = 	 {Source separation of simultaneous source obc data},
  journal = 	 {SEG expanded abstracts:79rd Annual international meeting},
  year = 	 2009,
  pages =	 {51-55}
}

@Article{moore2008,
  author={Ian Moore and Bill Dragoset and Tor Ommundsen and David Wilson and Camille Ward and Daniel Eke},
  title={Simultaneous source separation using dithered sources},
  journal={78th Annual International Meeting, SEG, Expanded Abstracts},
  year=2008,
  pages={2806-2809},
}

@Article{moore2010,
  author={I[] Moore},
  title={Simultaneous source - processing and applications},
  journal={72th Annual International Conference and Exhibition, EAGE, Extended Abstracts},
  year=2010,
}

@Article{gary,
  author={Gary Hampson and Joe Stefani and Fred Herkenhoff},
  title={Acquisition using simultaneous sources},
  journal={The Leading Edge},
  year=2008,
  volume=27,
  pages={918-923},
}

@Article{landweber,
  author={Landweber},
  title={An iteration formula for Fredholm integral equations of the first kind},
  journal={American Journal of Mathematics},
  year=1951,
  volume=73,
  pages={615-624},
}

@Article{microspa,
  author={Ismael Vera Rodriguez and David Bonar and Mauricio Sacchi},
  title={Microseismic data denoising using a 3C group sparsity constrained time-frequency transform},
  journal={Geophysics},
  year=2012,
  volume=77,
  pages={V21-V29},
}

@Article{donoho,
  author={D[] L[] Donoho and I[] M[] Johnstone},
  title={Ideal spatial adaptation by wavelet shrinkage},
  journal={Biometrika},
  year=1994,
  volume=81,
  pages={425-455},
}

@Article{daubechies,
  author={I[] Daubechies and M[] Defrise and C[] D[] Mol},
  title={An iterative thresholding algorithm for linear inverse problems with a sparsity constraint},
  journal={Communications on Pure and Applied Mathematics},
  year=2004,
  volume=57,
  pages={1413-1457},
}

@Article{daubechies2008,
  author={Ingrid Daubechies and Massimo Fornasier and Ignace Loris},
  title={Accelerated projected gradient method for linear inverse problems with sparsity constraints},
  journal={Journal of Fourier Analysis and Applications},
  year=2008,
  volume=14,
  pages={764-792},
}

@Article{donoho1995,
  author={D[] L[] Donoho},
  title={De-noising by soft-thresholding},
  journal={IEEE transactions on information theory},
  year=1995,
  Volume=41,
  pages={613-627},
}

@Article{abma,
  author={Ray Abma and Qie Zhang and Adeyemi Arogunmati and Gerard Beaudoin},
  title={An Overview of BP’s Marine Independent Simultaneous Source field trials},
  journal={82nd Annual International Meeting, SEG, Expanded Abstracts},
  year=2012,
  pages={1404.1},
}

@Article{abma2010,
  author={R[] L[] Abma and T[] Manning and M[] Tanis and J[] Yu and M[] Foster},
  title={High quality separation of simultaneous sources by sparse inversion},
  journal={72nd Annual International Conference and Exhibition, EAGE, Extended Abstracts},
  year=2010,
}

@Article{deblendinv,
  author = 	 {Kees Wapenaar and Joost van~der~Neut and Jan Thorbecke},
  title = 	 {Deblending by direct inversion},
  journal = 	 {Geophysics},
  year = 	 2012,
  volume =	 77,
  pages =	 {A9-A12},
}

@Article{liuyang2009tvmf,
  author = 	 {Y[] Liu and Cai Liu and Dian Wang},
  title = 	 {A 1D time-varying median filter for seismic random, spike-like noise elimination},
  journal = 	 {Geophysics},
  year = 	 2009,
  volume =	 74,
  pages =	 {V17-V24},
}
@Article{verschuur2011,
  author={D[] J[] Verschuur and A[] J[] Berkhout},
  title={Seismic migration of blended shot records with surface-related multiple scattering},
  journal={Geophysics},
  year=2011,
  Volume=76,
  pages={A7–A13},
}
@article{docherty1991,
  author =	 {Paul Docherty},
  title =	 {A brief comparison of some Kirchhoff integral formulas for migration and inversion},
  year =	 1991,
  journal =	 {Geophysics},
  volume={56},
 pages={1164-1169},
}

@Article{yangkang20131,
  author={Yangkang Chen and Sergey Fomel and Jingwei Hu},
  title ={Iterative deblending of simultaneous-source seismic data using shaping regularization},
  journal={83rd Annual International Meeting, SEG, Expanded Abstracts},
  year=2013,
  pages={119-125},
}

@Article{dix1955,
  author={C[] H[] Dix},
  title={Seismic velocities from surface measurements},
  journal={Geophysics},
  year=1955,
  Volume=20,
  pages={68-86},
}

@Article{yangkang2014,
  author={Yangkang Chen and Jitao Ma},
  title ={Random noise attenuation by \emph{f-x} empirical mode decomposition predictive filtering},
  journal={Geophysics},
  year=2014,
  Volume=79,
  pages={V81-V91},
}

@Article{yaxun2009,
  author={Yaxun Tang and Biondo Biondi},
  title ={Least-squares migration/inversion of blended data},
  journal={79th Annual International Meeting, SEG, Expanded Abstracts},
  year=2009,
  pages={2859-2862},
}

@Article{neelamani2008,
  author={N[] Neelamani and C[] Krohn and J[] Krebs and M[] Deffenbaugh and J[] Romberg},
  title ={Efficient seismic forward modeling using simultaneous random sources and sparsity},
  journal={78th Annual International Meeting, SEG, Expanded Abstracts},
  year=2008,
  pages={2107-2111},
}

@Article{daiwei2011,
  author = {Wei Dai and Gerard T. Schuster},
  title={Least-squares migration of multisource data with a deblurring filter},
  journal={Geophysics},
  year=2011,
  Volume=76,
  pages={R135-R146},
}
@Article{daiwei2012,
  author = {Wei Dai and Paul Fowler and Gerard T. Schuster},
  title={Multi-source least-squares reverse time migration},
  journal={Geophysical Prospecting},
  year=2012,
  Volume=60,
  pages={681-695},
}
@Article{canales1984,
  author = 	 {L[] Canales},
  title = 	 {Random noise reduction},
  journal = 	 {54th Annual International Meeting, SEG, Expanded Abstracts},
  year = 	 1984,
  pages =	 {525-527}
}

@Article{bagaini2012,
  author = {C[] Bagaini and M[] Daly and I[] Moore},
  title={The acquisition and processing of dithered slip-sweep vibroseis data},
  journal={Geophysical Prospecting},
  year=2012,
  Volume=60,
  pages={618-639},
}

@Article{hennenfent2006,
  author={G[] Hennenfent and F[] Herrmann},
  title={Seismic denoising with nonunformly sampled curvelets},
  journal={Computing in Science \& Engineering},
  year=2006,
  volume=8,
  pages={16-25},
}

