@Article{shearer1,
  author = 	 {P[] M[] Shearer},
  title = 	 {Imaging global body wave phases by stacking long-period seismograms},
  journal = 	 {J. Geophy. Res.},
  year = 	 1991,
  volume = 	 96,
  number = 	 {B12},
  pages = 	 {20,535--20,324}}

@Article{shearer2,
  author = 	 {P[] M[] Shearer},
  title = 	 {Constraints on upper mantle discontinuities from observations
	of long period reflected and converted phases},
  journal = 	 {J. Geophy. Res.},
  year = 	 1991,
  volume = 	 96,
  number = 	 {B11},
  pages = 	 {18,147--18,182}}

