@Book{book,
  author =       {J[ames] A[] Sethian},
  title =        {Level set methods:
{Evolving} interfaces in geometry, fluid mechanics, computer vision, and materials science},
  publisher =    {Cambridge University Press},
  year =         1996
}

@Article{chew,
  author =       {L[] P[aul] Chew},
  title =        {Constrained {Delaunay} Triangulations},
  journal =     {Algorithmica},
  year =         1989,
  volume =         4,
  pages =     {97-108}
}

@Article{delaunay2,
  author =       {B[oris] N[ikolaevich] Delaunay},
  title =        {Sur la sph\`{e}re vide},
  journal =      {Izv. Akad. Nauk SSSR, Otdel. Mat. Est. Nauk},
  year =         1934,
  volume =       7,
  pages =        {793-800}
}

@Article{dijkstra,
  author =       {E[] W[] Dijkstra},
  title =        {A note on two problems in connection with graphs},
  journal =      {Numer. Math.},
  year =         1959,
  volume =       1,
  pages =        {269-271}
}

@Article{edels,
  author =       {H[] Edelsbrunner and T[] S[] Tan},
  title =        {An Upper Bound for Conforming
      {Delaunay} Triangulation},
  journal =      {Discrete Comput. Geom.},
  year =         1993,
  volume =       10,
  pages =        {197-213}
}

@Article{fortune,
  author =       {S[] Fortune},
  title =        {A sweepline algorithm for {Voronoi} diagram},
  journal =      {Algorithmica},
  year =         1987,
  volume =       2,
  pages =        {153-174}
}

@Article{hansen,
  author =       {A[] J[] Hansen and P[] L[] Levin},
  title =        {On conforming {Delaunay} mesh generation},
  journal =      {Adv. in Eng. Soft.},
  year =         1992,
  volume =       14,
  pages =        {129-135}
}

@INCOLLECTION{height,
AUTHOR={M[ichael] Garland and P[aul] S[] Heckbert},
TITLE={Fast and Flexible Polygonization of Height Fields},
BOOKTITLE={Visual Proceedings},
publisher={SIGGRAPH 96},
MONTH={August},
YEAR={1996},
PAGES={143}
}

@Article{knuth,
  author =       {L[eonidas] J[] Guibas and D[onald] Knuth and M[] Sharir},
  title =        {Randomized Incremental construction of {Delaunay} and
{Voronoi} diagrams},
  journal =      {Algorithmica},
  year =         1992,
  volume =       7,
  pages =        {381-413}
}

@BOOK{lanc,
  author    = {C[ornelius] Lanczos},
  title     = {The variational principles of mechanics},
  publisher = {University of Toronto Press},
  address   = {Toronto},
  year      = {1966}
}

@Article{lee,
  author =       {D[] T[] Lee and A[] K[] Lin},
  title =        {Generalized {Delaunay} triangulation for planar graphs},
  journal =      {Discrete Comput. Geom.},
  year =         1986,
  volume =       1,
  pages =        {201-217}
}

@Book{lions,
  author =       {P[] L[] Lions},
  title =        {Generalized solutions of {Hamilton}-{Jacobi} equations},
  publisher =    {Pitman},
  year =         1982
}

@Article{mihai,
  author =       {J[ames] A[] Sethian and A[lexander] M[ihai] Popovici},
  title =        {Three-dimensional traveltime computation using the fast marching method},
  journal =      {submitted to Geophysics},
  year =         1997
}

@Book{mit,
  author =       {T[homas] H[] Cormen and C[harles] E[] Leiserson and R[onald] L[] Rivest},
  title =        {Introduction to algorithms},
  publisher =    {McGraw-Hill},
  year =         1990
}

@Article{osher,
  author =       {S[] Osher and J[ames] A[] Sethian},
  title =        {Fronts propagating with curvature-dependent speed:
{Algorithms} based on {Hamilton}-{Jacobi} formulation},
  journal =      {Jour. of Comp. Phys.},
  year =         1988,
  volume =       79,
  pages =        {12-49}
}

@Article{paper2,
  author =       {J[ames] A[] Sethian},
  title =        {A fast marching level set method for monotonically advancing fronts},
  journal =      {Proc. Nat. Acad. Sci.},
  year =         1996,
  volume =       93,
  number =       4,
  pages =        {1591-1595}
}

@INCOLLECTION{rivara,
AUTHOR={M[aria]-C[ecilia] Rivara},
TITLE={New mathematical tools and techniques for
        the refinement and/or improvement of unstructured triangulations},
BOOKTITLE={Proceedings},
publisher={5th International Meshing Roundtable},
MONTH={October},
YEAR={1996},
PAGES={77-86}
}

@ARTICLE{ruppert,
  author  = {J[im] Ruppert},
  title   = {A {Delaunay} Refinement Algorithm for Quality two-Dimensional Mesh Generation},
  journal = {Journal of Algorithms},
  volume  = {18},
  pages   = {548-585},
  year    = {1995}
}

@Incollection{shamos,
  author  = {M[] Shamos and D[] Hoey},
  title   = {Closest point problems},
  booktitle = {Proceedings},
  publisher  = {16th Annual IEEE Sympos. Found. Comput. Sci.},
  pages   = {151-162},
  year    = {1975}
}

@Incollection{shewchuk,
  author =       {J[onathan] R[ichard] Shewchuk},
  title =        {Robust Adaptive Floating-Point Geometric Predicates},
  booktitle =      {12th Annual Symposium on Computational Geometry},
  year =         1996,
  publisher = {Association for Computing Machinery},
  month =        {May},
  pages = {141-150}
}

@Article{sibson,
  author =       {R[] Sibson},
  title =        {Locally equiangular triangulations},
  journal =      {Comput. J.},
  year =         1978,
  volume =       21,
  pages =        {243-245}
}

@BOOK{smirnov,
  author    = {V[ladimir] I[vanovich] Smirnov},
  title     = {A course on higher mathematics},
  publisher = {Pergamon Press},
  year      = {1964}
}

@Article{stolfi,
  author =       {L[eonidas] Guibas and J[] Stolfi},
  title =        {Primitives for the manipulation of general subdivisions
and the computation of {Voronoi} diagrams},
  journal =      {ACM Trans. Graphics},
  year =         1985,
  volume =       4,
  pages =        {74-123}
}

@Book{opengl,
  author =       {M[ason] Woo and J[ackie] Neider and T[om] Davis},
  title =        {{OpenGL} Programming guide},
  publisher =    {Addison-Wesley},
  year =         1997
}

@book{hale,
  author =       {D[ave] Hale and J[ack] K[] Cohen},
  title =        {Triangulated models of the {Earth's} subsurface},
  publisher =    {Center for Wave Phenomenon Report, CWP-107},
  year =         1991
}

@Article{abgrall,
  author =       {R[\`{e}mi] Abgrall},
  title =        {Numerical discretization of the first-order 
{Hamilton}-{Jacobi} equation on triangular meshes},
  journal =      {Comm. on Pure and Applied Math.},
  year =         1996,
  volume =       {XLIX},
  pages =        {1339-1373}
}

@Article{podvin.gji.91,
  author =       "P[] Podvin and I[] Lecomte",
  title =        "Finite Difference Computation of Traveltimes in Very
                Contrasted Velocity Models:  A Massively Parallel Approach
                and its Associated Tools",
  journal =      "Geophysical Journal International",
  year =         1991,
  volume =       105,
  pages =        "271--284"
}
