@book{Claerbout.fgdp.76,
   author = {J[on] F[] Claerbout},
   publisher = {Blackwell},
   title = {Fundamentals of Geophysical Data Processing},
   year = {1976}
}

@book{DMObook, 
  author={Dave   Hale }, 
  title={Course Notes: Dip Moveout Processing}, 
  year=1991, 
  publisher={Soc. Expl. Geophys.}, 
  pages={130 pp}, 
  address={Tulsa}
	}

@Book{cerveny,
  author =	 {\v{C}erven\'{y}, V.},
  title = 	 {Seismic Ray Theory},
  publisher = 	 {Cambridge University Press},
  year = 	 2001
  }

@Book{babich,
  author = 	 {V[] M[] Babich},
  title = 	 {{Short-wavelength diffraction theory: asymptotic methods}},
  publisher = 	 {Springer-Verlag},
  year = 	 {1991},
  address = 	 {Berlin; New York}
  }

@Article{me,
  author = {S[ergey] B[orisovich] Fomel},
  title = {Kinematically equivalent differential operator for offset
		  continuation of seismic sections},
  journal = {Russian Geology and Geophysics},
  year = {1994},
  volume = {35},
  number = {9},
  pages = {122-134}
}

@Article{plag,
  author = {S[ergey] V[asilievich] Goldin},
  title = {Superposition and continuation of tranformations used in
		  seismic migration},
  journal = {Russian Geology and Geophysics},
  year = {1994},
  volume = {35},
  number = {9},
  pages = {131-145}
}

@Book{kurant,
  author = 	{R[ichard] Courant},
  title = 	{{Methods of mathematical physics}} ,
  publisher = 	{Interscience Publishers},
  year = 	 {1962},
  address = 	 {New York}
  }

@Book{ode,
  author = 	 {M[orris] Tenenbaum and H[arry] Pollard},
  title = 	 {Ordinary differential equations : an elementary textbook for students of mathematics, engineering, and the sciences},
  publisher = 	 {Dover Publications},
  year = 	 1985
}

@book{cwp,
  author = 	 {N[orman] Bleistein and J[] W[] Stockwell and J[ack] K[] Cohen},
  title = 	 {Mathematics of Multidimensional Seismic Imaging, 
Migration, and Inversion},
  publisher =  {Springer Verlag},
  year = 	 {2001}
}

@incollection{born, 
  author={N[orman]   Bleistein }, 
  title={{B}orn {DMO} Revisited}, 
  year=1990, 
  booktitle={60th Annual Internat. Mtg., Soc. Expl. Geophys., Expanded Abstracts}, 
  publisher={Soc. Expl. Geophys.}, 
  pages={1366-1369}, 
  address={Tulsa} 
        }

@Article{menorm,
  author = 	 {S[ergey] Fomel and N[] Bleistein},
  title = 	 {Amplitude preservation for offset continuation:
{Confirmation} for {Kirchhoff} data},
  journal = 	 {Journal of Seismic Exploration},
  year = 	 2001,
  volume =	 10,
  pages =	 {121-130}
}

@Article{haddon,
  author = 	 {R[] A[] W[] Haddon and P[] W[] Buchen},
  title = 	 {Use of {Kirchhoff's} formula for body wave
		  calculations in the earth},
  journal =	 {Geophys. J. Roy. Astr. Soc.},
  year =	 {1981},
  volume =	 {67},
  pages =	 {587-598}
}

@Book{norm,
  author = 	 {N[orman] Bleistein},
  title = 	 {Mathematical Methods for wave Phenomena},
  publisher = 	 {Academic Press Inc. (Harcourt Brace Jovanovich Publishers)},
  year = 	 {1984},
  address =	 {New York}
}

@Article{stovas,
  author =       {A[lexey] M[ikhailovich] Stovas and S[ergey]
                  B[orisovich] Fomel},
  title =        {Kinematically equivalent integral {DMO} operators},
  journal =      {Russian Geology and Geophysics},
  year =         1996,
  volume =       37,
  number =       2,
  pages =        {102-113}
}

@Book{table,
  author = 	 {I[] S[] Gradshtein and I[] M[] Ryzhik},
  title = 	 {Table of integrals, series, and products},
  publisher = 	 {Boston: Academic Press},
  year = 	 {1994}
}

@ARTICLE{IZO,
  author  = {S[huki] Ronen and V[aleri] Sorin and R[ichard] Bale},
  title   = {Spatial dealiasing of {3-D} seismic reflection data},
  journal = {Geophysical Journal International},
  pages   = {503-511},
  year    = {1991}
}

@Article{beylkin,
  author = 	 {G[regory] Beylkin},
  title = 	 {Imaging of discontinuities in the inverse scattering
		  problem by inversion of a causal generalized {Radon}
		  transform} ,
  journal = 	 {Journal of Mathematical Physics},
  year = 	 {1985},
  volume = 	 {26},
  pages = 	 {99-108}
}

@Book{goldintomo,
  author = 	 {S[ergey] V[asilievich] Goldin},
  title = 	 {Transformation and recovery of discontinuities in
		  problems of tomographic type},
  publisher = 	 {Institute of Geology and Geophysics},
  year = 	 {1988},
  address = 	 {Novosibirsk (in Russian)}
}

@Book{watson,
  author = 	 {G[] N[] Watson},
  title = 	 {A treatise on the theory of {Bessel} functions},
  publisher = 	 {Cambridge University Press},
  year = 	 {1952},
  edition = 	 {2nd}
}

@Book{ab,
  author = 	 {M[arko] Petkovsek and H[erbert] S[] Wilf and D[oron] Zeilberger},
  title = 	 {{$A=B$}},
  publisher = 	 {A K Peters Ltd.},
  year = 	 1996,
  address =	 {Wellesley, MA}
}

@Article{joint,
  author = 	 {S[ergey] V[asilievich] Goldin and S[ergey]
		  B[orisovich] Fomel},
  title = 	 {Estimation of Reflection Coefficient in {DMO}},
  journal =	 {Russian Geology and Geophysics},
  year =	 {1995},
  volume =	 {36},
  number =	 {4},
  pages =	 {103-115}
}
