@Book{salus,
  author =	 {P[eter] H[] Salus},
  title = 	 {A Quarter-Century of {Unix}},
  publisher = 	 {Addison-Wesley},
  year = 	 1994
}

@Article{su,
  author = 	 {J[ohn] W[] Stockwell},
  title = 	 {The {CWP/SU}: {Seismic} {Un*x} Package},
  journal = 	 {Computers and Geosciences},
  year = 	 1999,
  volume =	 25,
  number =	 4,
  pages =	 {415-419},
  month =	 {May}
}

@Book{taoup,
  author =	 {E[ric] S[] Raymond},
  title = 	 {The Art of {UNIX} programming},
  publisher = 	 {Addison-Wesley},
  year = 	 2004
}
