@book{Claerbout.blackwell.92,
author = {J[on] F[] Claerbout},
publisher = {Blackwell Scientific Publications},
title = {{Earth Soundings Analysis: Processing Versus Inversion}},
year = {1992}
}

@book{Claerbout.bei.95,
   author = {J[on] F[] Claerbout},
   publisher = {Stanford Exploration Project},
   title = {{Basic Earth Imaging}},
   year = {1995}
}
