@Article{Abma1995,
  author = 	 {R[] Abma and J[] Claerbout},
  title = 	 {Lateral prediction for noise attenuation by t-x and f-x techniques},
  journal = 	 {Geophysics},
  year = 	 1995,
  volume = 	 60,
  pages = 	 {1187-1896}
}

@inproceedings{Canales1984,
  author =       {L[] Canales},
  year =         {1984},
  title =        {Random noise reduction},
  booktitle =    {54th Annual International Meeting},
  publisher =    {Soc. of Expl. Geophys.},
  pages =        {525-527}
}

@Article{Chase1992,
  author = 	 {M[] Chase},
  title = 	 {Random noise reduction by FXY prediction filtering},
  journal = 	 {Exploration Geophysics},
  year = 	 1992,
  volume = 	 23,
  pages = 	 {51-56}
}

@Article{Fomel2007,
  author = 	 {S[] Fomel},
  title = 	 {Shaping regularization in geophysical-estimation problems},
  journal = 	 {Geophysics},
  year = 	 2007,
  volume = 	 72,
  pages = 	 {R29-R36}
}

@Article{Fomel2009,
  author = 	 {S[] Fomel},
  title = 	 {Adaptive multiple subtraction using regularized nonstationary regression},
  journal = 	 {Geophysics},
  year = 	 2009,
  volume = 	 74,
  pages = 	 {V25-V33}
}

@Article{Fomel2010,
  author = 	 {S[] Fomel},
  title = 	 {Predictive painting of 3D seismic volumes},
  journal = 	 {Geophysics},
  year = 	 2010,
  volume = 	 75,
  pages = 	 {A25-A30}
}

@inproceedings{Galbraith1991,
  author =       {M[] Galbraith},
  year =         {1984},
  title =        {Random noise attenuation by f-x prediction},
  booktitle =    {61th Annual International Meeting},
  publisher =    {Soc. of Expl. Geophys.},
  pages =        {1428–1431}
}

@inproceedings{Gulunay1986,
  author =       {N[] Gulunay},
  year =         {1986},
  title =        {FXDECON and complex Wiener prediction filter},
  booktitle =    {56th Annual International Meeting},
  publisher =    {Soc. of Expl. Geophys.},
  pages =        {279-281}
}

@Article{Gulunay2000,
  author = 	 {N[] Gulunay},
  title = 	 {Noncausal spatial prediction filtering for random noise reduction on 3-D poststack data},
  journal = 	 {Geophysics},
  year = 	 2000,
  volume = 	 65,
  pages = 	 {1641-1653}
}

@inproceedings{Gulunay1993,
  author =       {N[] Gulunay and V[] Sudhakar and C[] Gerrard and D[] Monk},
  year =         {1993},
  title =        {Prediction filtering for 3-D poststack data},
  booktitle =    {63rd Annual International Meeting},
  publisher =    {Soc. of Expl. Geophys.},
  pages =        {1183–1186}
}

@inproceedings{Hodgson2002,
  author =       {L[] Hodgson and D[] Whitcombe and S[] Lancaster and P[] Lecocq},
  year =         {2002},
  title =        {Frequency slice filtering - a novel method of seismic noise attenuation},
  booktitle =    {72th Annual International Meeting},
  publisher =    {Soc. of Expl. Geophys.},
  pages =        {2214-2218}
}

@Article{Hornbostel1991,
  author = 	 {S[] Hornbostel},
  title = 	 {Spatial prediction filtering in the t-x and f-x domains},
  journal = 	 {Geophysics},
  year = 	 1991,
  volume = 	 56,
  pages = 	 {2019-2026}
}

@Article{Liu2012,
  author = 	 {G[] Liu and X[] Chen and J[] Du and K[] Wu},
  title = 	 {Random noise attenuation using f-x regularized nonstationary autoregression},
  journal = 	 {Geophysics},
  year = 	 1991,
  volume = 	 56,
  pages = 	 {2019-2026}
}

@Article{Liu2009,
  author = 	 {G[] Liu and X[] Chen and J[] Li},
  title = 	 {Noncausal spatial prediction filtering based on an ARMA model},
  journal = 	 {Applied Geophysics},
  year = 	 2009,
  volume = 	 6,
  pages = 	 {122-128}
}

@Article{Liu2011,
  author = 	 {Y[] Liu and S[] Fomel},
  title = 	 {Seismic data interpolation beyond aliasing using regularized nonstationary autoregression},
  journal = 	 {Geophysics},
  year = 	 2011,
  volume = 	 76,
  pages = 	 {V69-V77}
}

@Article{Ma2010,
  author = 	 {J[] Ma and G[] Plonka},
  title = 	 {The curvelet transform},
  journal = 	 {IEEE Signal Processing Magazine},
  year = 	 2010,
  volume = 	 27,
  pages = 	 {118-133}
}


@Article{Naghizadeh2009,
  author = 	 {M[] Naghizadeh and M[] Sacchi},
  title = 	 {f-x adaptive seismic-trace interpolation},
  journal = 	 {Geophysics},
  year = 	 2009,
  volume = 	 74,
  pages = 	 {V9-V16}
}

@inproceedings{Ozdemir1999,
  author =       {A[] Ozdemir and A[] Ozbek and R[] Ferber and K[] Zerouk},
  year =         {1999},
  title =        {F-xy projection filtering using helical transformation},
  booktitle =    {69th Annual International Meeting},
  publisher =    {Soc. of Expl. Geophys.},
  pages =        {1231-1234}
}


@Article{Sacchi2001,
  author = 	 {M[] Sacchi and H[] Kuehl},
  title = 	 {ARMA formulation of FX prediction error filters and projection filters},
  journal = 	 {Journal of Seismic Exploration},
  year = 	 2001,
  volume = 	 9,
  pages = 	 {185-197}
}


@Article{Spitz1991,
  author = 	 {S[] Spitz},
  title = 	 {Seismic trace interpolation in the f-x domai},
  journal = 	 {Geophysics},
  year = 	 1991,
  volume = 	 56,
  pages = 	 {785–794}
}

@Article{Tang2011,
  author = 	 {G[] Tang and J[] Ma},
  title = 	 {Applications of total variation based curvelet shrinkage for three-dimensional seismic denoising},
  journal = 	 {IEEE Geoscience and Remote Sensing Letters},
  year = 	 1991,
  volume = 	 8,
  pages = 	 {103-107}
}

@Article{Wang2002,
  author = 	 {Y[] Wang},
  title = 	 {Seismic trace interpolation in the f-x-y domain},
  journal = 	 {Geophysics},
  year = 	 2002,
  volume = 	 67,
  pages = 	 {1232-1239}
}

@inproceedings{Wang1991,
  author =       {W[] Wang and G[] West},
  year =         {1991},
  title =        {F-X filters with dip rejection},
  booktitle =    {61st Annual International Meeting},
  publisher =    {Soc. of Expl. Geophys.},
  pages =        {1436–1438}
}

