@Article{jackson,
  author = 	 {D[] D[] Jackson},
  title = 	 {Interpretation of Inaccurate, Insufficient and Inconsistent Data},
  journal = 	 {Geophys. J. R. Astron. Soc.},
  year = 	 1972,
  volume =	 28,
  pages =	 {97-109}
}

@Book{engl,
  author =	 {H[] Engl and M[] Hanke and A[] Neubauer},
  title = 	 {Regularization of Inverse Problems},
  publisher = 	 {Kluwer Academic Publishers},
  year = 	 1996
}

@Book{parker,
  author =	 {Robert L[] Parker},
  title = 	 {Geophysical Inverse Theory},
  publisher = 	 {Princeton Univ. Press},
  year = 	 1994
}

@Article{tikhonov,
  author = 	 {A[] N[] Tikhonov},
  title = 	 {Solution of incorrectly formulated problems and the regularization method},
  journal = 	 {Sovet Math. Dokl.},
  year = 	 1963,
  number =	 4,
  pages =	 {1035-1038}
}

@Book{tarantola,
  author =	 {A[] Tarantola},
  title = 	 {Inverse Problem Theory and Methods for Model Parameter Estimation},
  publisher = 	 {SIAM},
  year = 	 2004
}

@Book{weickert,
  author =	 {J[] Weickert},
  title = 	 {Anisotropic diffusion in image processing},
  publisher = 	 {B. G. Teubner Stuttgart},
  year = 	 1998
}

@Article{clapp,
  author = 	 {R[obert] G[] Clapp and B[iondo] Biondi and J[on] F[] 
Claerbout},
  title = 	 {Incorporating geologic information into reflection tomography},
  journal = 	 {Geophysics},
  year = 	 2004,
  volume =	 69,
  pages =	 {533-546}
}

@Book{iee,
  author =       {J[on] Claerbout},
  title =        {Image estimation by example: {G}eophysical soundings image con
struction: {M}ultidimensional autoregression},
  publisher =    {Stanford Exploration Project},
  year =         {2006},
  address =      {http://sepwww.stanford.edu/sep/prof/}
}

@Article{Hestenes.1952,
  author =       {M[] R[] Hestenes and E[] Steifel},
  title =        {Methods of Conjugate Gradients for Solving Linear Systems},
  journal =      {J. Res. Nat. Bur. Stand.},
  year =         {1952},
  volume =       {49},
  pages =        {409--436}
}

@article{Paige.acm.8.195,
   author = {C[] C[] Paige and M[] A[] Saunders},
   journal = {Assn. Comp. Mach. Trans. Mathematical Software},
   pages = {195--209},
   title = {Algorithm 583, {LSQR}: {S}parse linear equations and least squares p
roblems},
   volume = {8},
   year = {1982}
}

@book{Claerbout.blackwell.92,
   author = {J[on] F[] Claerbout},
   publisher = {Blackwell Scientific Publications},
   title = {{Earth Soundings Analysis: Processing Versus Inversion}},
   year = {1992}
}

@Book{vorst,
  author =	 {H[enk] A[] van~der~Vorst},
  title = 	 {Iterative {Krylov} Methods for Large Linear Systems},
  publisher = 	 {Cambridge University Press},
  year = 	 2003
}

@Book{saad,
  author =	 {Y[] Saad},
  title = 	 {Iterative Methods for Sparse Linear Systems},
  publisher = 	 {SIAM},
  year = 	 2003
}

@Book{zhdanov,
  author =	 {M[] S[] Zhdanov},
  title = 	 {Geophysical Inverse Theory and Regularization Problems},
  publisher = 	 {Elsevier Science},
  year = 	 2002
}

@incollection{port,
	author=	{O[leg] Portniaguine and J[ohn] Castagna},
	year=	2004,
	title=	{Inverse spectral decomposition},
	publisher=	{Soc. of Expl. Geophys.},
	booktitle=	{74th Ann. Internat. Mtg},
	pages=	{1786-1789},
	}

@Article{burg,
  author = 	 {S[] Fomel and P[] Sava and J[] Rickett and J[] Claerbout},
  title = 	 {The {Wilson-Burg} method of spectral factorization with application to helical filtering},
  journal = 	 {Geophysical Prospecting},
  year = 	 2003,
  volume =	 51,
  pages =	 {409-420}
}

@Article{jgida,
  author =       {G[r\'{e}goire] Dubois},
  title =        {Spatial Interpolation Comparison 97: {Foreword} and Introduct
ion},
  journal =      {Journal of Geographic Information and Decision Analysis},
  year =         1999,
  volume =       2,
  pages =        {1-10}
}

@Article{menke,
  author = 	 {W[] Menke},
  title = 	 {Application of the {POCS} inversion method to interpolating topography
 and other geophysical fields},
  journal = 	 {Geophysical Research Letters},
  year = 	 1991,
  volume =	 18,
  pages =	 {435-438}
}

@Article{pocs,
  author = 	 {L[] G[] Gubin and B[] T[] Polyak and E[] V[] Raik},
  title = 	 {The method of projections for the common point of convex sets},
  journal = 	 {USSR Compout. Math. and Math. Phys.},
  year = 	 1967,
  number =	 7,
  pages =	 {1-24}
}

@Book{bei,
  author =	 {J[on] F[] Claerbout},
  title = 	 {Basic {Earth} Imaging},
  publisher = 	 {Stanford Exploration Project, 
\texttt{http://sepwww.stanford.edu/sep/prof/}},
  year = 	 2006
}

@incollection{alejandro,
	author=	{A[lejandro] A[] Valenciano and M[organ] Brown and A[ntoine] Guitton and M[auricio] D[] Sacchi},
	year=	2004,
	title=	{Interval velocity estimation using edge-preserving 
regularization},
	publisher=	{Soc. of Expl. Geophys.},
	booktitle=	{74th Ann. Internat. Mtg}
	}

@Article{pwc,
  author = 	 {S[ergey] Fomel and A[ntoine] Guitton},
  title = 	 {Regularizing seismic inverse
problems by model re-parameterization using plane-wave construction},
  journal = 	 {Geophysics},
  volume = {71},
  pages = {S209-S217},
  year = 	 2006
}

@ARTICLE {harlan,
  author       = {W[illiam] S[] Harlan},
  journal      =
  {\newline http://billharlan.com/pub/papers/regularization.pdf},
  title        = {Regularization by Model Redefinition},
  year         = {1995}
}

@Article{hestenes,
  author =       {M[] R[] Hestenes and E[] Steifel},   
  title =        {Methods of Conjugate Gradients for Solving Linear Systems},
  journal =      {J. Res. Nat. Bur. Stand.},
  year =         {1952},
  volume =       {49},
  pages =        {409--436}
}
