@Article{me,
  author = {S[ergey] B[orisovich] Fomel},
  title = {Kinematically equivalent differential operator for offset
		  continuation of seismic sections},
  journal = {Russian Geology and Geophysics},
  year = {1994},
  volume = {35},
  number = {9},
  pages = {122-134}
}

@Book{ab,
  author = 	 {M[arko] Petkovsek and H[erbert] S[] Wilf and D[oron] Zeilberger},
  title = 	 {{$A=B$}},
  publisher = 	 {A K Peters Ltd.},
  year = 	 1996,
  address =	 {Wellesley, MA}
}

@book{Biondi.3dsi.99,
   author = {B[iondo] L[] Biondi},
   publisher = {Stanford Exploration Project},
   title = {{3-D Seismic Imaging}},
   year = {1999}
}

@book{Claerbout.blackwell.92,
   author = {J[on] F[] Claerbout},
   publisher = {Blackwell Scientific Publications},
   title = {{Earth Soundings Analysis: Processing Versus Inversion}},
   year = {1992}
}

@Book{gee,
  author =       {J[on] Claerbout},
  title =        {{G}eophysical estimation by example: {E}nvironmental soundings image enhancement},
  publisher =    {Stanford Exploration Project},
  year =         {1999},
  address =      {http://sepwww.stanford.edu/sep/prof/}
}

@Article{stovas,
  author =       {A[lexey] M[ikhailovich] Stovas and S[ergey]
                  B[orisovich] Fomel},
  title =        {Kinematically equivalent integral {DMO} operators},
  journal =      {Russian Geology and Geophysics},
  year =         1996,
  volume =       37,
  number =       2,
  pages =        {102-113}
}

@book{Claerbout.fgdp.76,
   author = {J[on] F[] Claerbout},
   publisher = {Blackwell},
   title = {Fundamentals of Geophysical Data Processing},
   year = {1976}
}

@book{Claerbout.blackwell.85,
   author = {J[on] F[] Claerbout},
   publisher = {Blackwell Scientific Publications},
   title = {{Imaging the Earth's Interior}},
   year = {1985}
}

@Book{golub,
  author = 	 {G[ene] H[] Golub and C[harles] F[] {Van~Loan}},
  title = 	 {Matrix Computations},
  publisher = 	 {The John Hopkins University Press},
  year = 	 1996
}
