@book{yilmaz2001,
title = {Seismic Data Analysis},
publisher = {Society of Exploration Geophysicists},
address = {Tulsa, OK},
year = {2001},
doi = {DOI:10.1190/1.9781560801580},
isbn = {9781560801580},
author = {Öz Yilmaz},
keywords = {deconvolution; DMO; imaging; inversion; migration; noise; processing; },
url = {http://dx.doi.org/10.1190/1.9781560801580},
}

% Geology
@article{cant2003,
title = "Three-dimensional architecture of shelf-building sediment drifts in the offshore Canterbury Basin, New Zealand",
journal = "Marine Geology",
volume = "193",
number = "1–2",
pages = "19 - 47",
year = "2003",
note = "",
issn = "0025-3227",
doi = "10.1016/S0025-3227(02)00612-6",
url = "http://www.sciencedirect.com/science/article/pii/S0025322702006126",
author = "Hongbo Lu and Craig S. Fulthorpe and Paul Mann",
keywords = "drift deposition",
keywords = "continental shelf",
keywords = "continental slope",
keywords = "seismic data",
keywords = "Canterbury Basin",
keywords = "New Zealand"
}


@article{hampson86,
author = {Dan Hampson},
title = {Inverse velocity stacking for multiple elimination},
year = {1986},
journal = {J. Can. Soc. Expl. Geophys},
volume = {22},
number = {1},
pages = {44-55},
}

@Article{canny,
  author = 	 {J[] Canny},
  title = 	 {A Computational Approach To Edge Detection},
  journal = 	 {IEEE Trans. Pattern Analysis and Machine Intelligence},
  year = 	 1986,
  volume = 	 8,
  pages = 	 {679-714}
}

@inproceedings{tomasi,
  author =	 {C[] Tomasi and R[] Manduchi},
  title = 	 {Bilateral filtering for gray and color images},
  booktitle =    {Proceedings of IEEE International Conference on Computer Vision},
  year = 	 {1998},
  publisher =    {IEEE},
  pages =        {836-846}
}

@Article{gilboa,
  author = 	 {G[uy] Gilboa and S[tanley] Osher},
  title = 	 {Nonlocal operators with applications to image processing},
  journal = 	 {Multiscale Model \& Simulation },
  pages =        {1005-1028},
  volume =       7,
  year = 	 2008
}

@inproceedings{icassp,
   author = {S[] Fomel and G[] Hennenfent},
   booktitle = {32nd International Conference on Acoustics,
  Speech, and Signal Processing (ICASSP)},
   pages = {1257-1260},
   publisher = {IEEE},
   title = {Reproducible computational
  experiments using {SCons}},
   year = 2007
}
