@Book{bei,
  author =	 {J[on] F[] Claerbout},
  title = 	 {Basic {Earth} Imaging},
  publisher = 	 {Stanford Exploration Project, 
\url{http://sepwww.stanford.edu/sep/prof/}},
  note = {Madagascar version at \url{http://www.ahay.org/RSF/book/bei/}},
  year = 	 2006
}
