
@Article{Bekara09,
  author = 	 {M[] Bekara and M[] van der Baan},
  title = 	 {Random and coherent noise attenuation by empirical mode decomposition},
  journal = 	 {Geophysics},
  year = 	 2009,
  volume =	 74,
  pages =	 {V89-V98}
}


@Article{Fehmers03,
  author = 	 {G[] C[] Fehmers and C[] F[] W[] Hocker },
  title = 	 {Fast structural interpretation with structure-oriented filtering},
  journal = 	 {Geophysics},
  year = 	 2003,
  volume =	 68,
  pages =	 {1286-1293}
}

@Article{Fomel06,
  author = 	 {S[] Fomel and A[] Guitton },
  title = 	 {Regularizing seismic inverse problems by model reparameterization using plane-wave construction},
  journal = 	 {Geophysics},
  year = 	 2006,
  volume =	 71,
  pages =	 {A43-A47}
}

@Article{Fomel09,
  author = 	 {S[] Fomel},
  title = 	 {Adaptive multiple subtraction using regularized nonstationary regression},
  journal = 	 {Geophysics},
  year = 	 2009,
  volume =	 74,
  pages =	 {V25-V33}
}

@Article{Fomel02,
  author = 	 {S[] Fomel},
  title = 	 {Applications of plane-wave destruction filters},
  journal = 	 {Geophysics},
  year = 	 2002,
  volume =	 67,
  pages =	 {1946-1960}
}

@Article{Fomel07,
  author = 	 {S[] Fomel},
  title = 	 {Shaping regularization in geophysicalestimation problems},
  journal = 	 {Geophysics},
  year = 	 2007,
  volume =	 72,
  pages =	 {R29-R36}
}

@Article{Hoeber06,
  author = 	 {H[] C[] Hoeber and S[] Brandwood and D[] N[] Whitcombe,},
  title = 	 {Structurally consistent filtering},
  journal = 	 {In 68th EAGE Conference Exhibition},
  year = 	 2006,
  volume =	 ,
  pages =	 {}
}
@Article{Lehmer85,
  author = 	 {D[] C[] Lehmer},
  title = 	 {Interesting series involving the central binomial coefficient},
  journal = 	 {American Mathematical Monthly},
  year = 	 1985,
  volume =	 ,
  pages =	 {449â€“457}
}

@Article{Li12,
  author = 	 {H[] S[] Li and G[] C[] Wu and  X[] Y[] Yin},
  title = 	 {Application of Morphological Component Analysis to Remove of Random Noise in Seismic Data},
  journal = 	 {Journal of Jilin University(Earth Science Edition)},
  year = 	 2012,
  volume =	 42,
  pages =	 {554-561}
}


@Article{Li13,
  author = 	 {Y Li and B[] J[] Yang and  H[] B[] Lin et al. },
  title = 	 {Suppression of strong random noise in seismic data by using timefrequency peak filtering},
  journal = 	 {Science China Earth Sciences},
  year = 	 2013,
  volume =	 56,
  pages =	 {1200-1208}
}


@Article{Liu06,
  author = 	 {C[ai] Liu and Y[ang] Liu and B[ao] J[un] Yang and D[ian] Wang and J[ian] G[uo] Sun},
  title = 	 {A {2D} multistage median filter to reduce random seismic noise},
  journal = 	 {Geophysics},
  year = 	 2006,
  volume =	 71,
  pages =	 {105-110}
}



@Article{Liu06,
  author = 	 {C[] Liu and  Y[] Liu and  B[] J[] Yang et al.},
  title = 	 {A 2D multistage median filter to reduce random seismic noise},
  journal = 	 {Geophysics},
  year = 	 2006,
  volume =	 71,
  pages =	 {V105-V110}
}


@Article{Liu13,
  author = 	 {G[] Liu and X[] Chen},
  title = 	 {Noncausal f-x-y regularized nonstationary prediction filtering for random noise attenuation on 3D seismic data},
  journal = 	 {Journal of Applied
Geophysics},
  year = 	 2013,
  volume =	 93,
  pages =	 {60-66}
}


@Article{Liu111,
  author = 	 {Guo Chang Liu and X[] H[] Chen and J[] Y[] Li and  et al.},
  title = 	 {Seismic noise attenuation using nonstationary polynomial fitting},
  journal = 	 {Applied Geophysics},
  year = 	 2011,
  volume =	 8,
  pages =	 {18(C26}
}



@Article{Liu121,
  author = 	 {G[] C[]Liu and X[] H[] Chen and  J[] Du and et al},
  title = 	 {Random noise attenuation using f-x regularized nonstationary autoregression},
  journal = 	 {Geophysics},
  year = 	 2012,
  volume =	 77,
  pages =	 {V61-69}
}


@Article{Liu10,
  author = 	 {Yang Liu and S Fomel  and  G[] Liu},
  title = 	 {Nonlinear structureenhancing filtering using plane-wave prediction},
  journal = 	 {Geophysical Prospecting},
  year = 	 2010,
  volume =	 58,
  pages =	 {415-427}
}



@Article{Liu09,
  author = 	 {Y[] Liu and S[] Fomel and Cai Liu and et al. },
  title = 	 {High-order seislet transform and its application of random noise attenuation},
  journal = 	 {Chinese Journal of Geophysics},
  year = 	 2009,
  volume =	 52,
  pages =	 {2142-2151}
}


@Article{Liu091,
  author = 	 {Y[ang] Liu and C[ai] Liu and D[ian] Wang},
  title = 	 {A {1D} time-varying median filter for seismic random, spike-like noise elimination},
  journal = 	 {Geophysics},
  year = 	 2009,
  volume =	 74,
  pages =	 {17-24}
}



@Article{Liu11,
  author = 	 {Y[] Liu and D[] Wang and C[] Liu},
  title = 	 {Weighted median filter based on local correlation and its application to poststack random noise attenuation},
  journal = 	 {Chinese Journal of Geophysics},
  year = 	 2011,
  volume =	 54,
  pages =	 {358-367}
}



@Article{Liu12,
  author = 	 { Z[] Liu and W[] Zhao and X[] Chen},
  title = 	 {Local SVD for random noise suppression of seismic data in frequency domain},
  journal = 	 {Oil Geophysical Prospecting},
  year = 	 2012,
  volume =	 47,
  pages =	 {202-206}
}


@Article{Lu06,
  author = 	 { W[] Lu and W[] Zhang and D[] Liu},
  title = 	 {Local linear coherent noise attenuation based on local polynomial approximation},
  journal = 	 {Geophysics},
  year = 	 2006,
  volume =	 71,
  pages =	 {V163-V169}
}



@Article{Lu09,
  author = 	 {Y[] H[] Lu and  W[] K[] Lu},
  title = 	 {Edge-preserving polynomial fitting method to suppress random seismic noise},
  journal = 	 {Geophysics},
  year = 	 2009,
  volume =	 74,
  pages =	 {V69-V73}
}


@Article{Maraschini13,
  author = 	 { M Maraschini  and  C[] G[] G[] Neill Turton},
  title = 	 {Assessing the impact of a Non-Local-Means random noise attenuator on coherency},
  journal = 	 {SEG Technical Program Expanded Abstracts},
  year = 	 2013,
  volume =	 ,
  pages =	 {4294-4298}


@Article{Ottolini82,
  author = 	 {R[] Ottolini},
  title = 	 {Signal/noise separation in dip space},
  journal = 	 {SEP Report},
  year = 	 1983,
  volume =	 37,
  pages =	 {}



@Article{Pei01,
  author = 	 { S[] C[] Pei and  P[] H[] Wang},
  title = 	 {Closed-form design of maximally flat FIR Hilbert transformers, differentiators, and fractional delayers by power series expansion},
  journal = 	 {IEEE Transactions on, Circuits and Systems I: Fundamental Theory and Applications},
  year = 	 2001,
  volume =	 48,
  pages =	 {389-398}


@Article{Schleicher09,
  author = 	 {J[]  Schleicher  and J[] C[] Costa  and  L[] T[] Santos},
  title = 	 {On the estimation of local slopes},
  journal = 	 {Geophysics},
  year = 	 2009,
  volume =	 74,
  pages =	 {P25-P33}


@Article{Zhang13,
  author = 	 {C[] Zhang  and H[] B[] Lin and Y[] Li },
  title = 	 {Seismic random noise attenuation by time-frequency peakfiltering based on joint time-frequency distribution},
  journal = 	 {Comptes Rendus Geoscience},
  year = 	 2013,
  volume =	 345,
  pages =	 {383-391}


@Article{Tikhonov63,
  author = 	 {A[] Tikhonov},
  title = 	 {Solution of incorrectly formulated problems and the regularization method},
  journal = 	 {In Soviet Math.Dokl},
  year = 	 1963,
  volume =	 ,
  pages =	 {1035-1038}

