@Book{seg-eage,
  author =	 {F[] Aminzadeh and J[] Brac and T[] Kunz},
  title = 	 {{3-D} Salt and Overthrust Models},
  publisher = 	 {SEG},
  year = 	 1997
}
