%% This BibTeX bibliography file was created using BibDesk.
%% http://bibdesk.sourceforge.net/


%% Created for csar at 2011-03-28 10:15:03 +0300 


%% Saved with string encoding Unicode (UTF-8) 


@article{cohen89tfreview,
	author = {Leon Cohen},
	journal = {Proceedings of the IEEE},
	number = {7},
	pages = {941--981},
	title = {Time-frequency distributtions---a review},
	volume = {77},
	year = {1989}}

@article{barnes92calculation,
	author = {Arthur E. Barnes},
	journal = {Geophysics},
	number = 11,
	pages = {1520-1524},
	title = {The calculation of instantaneous frequency and instantaneous bandwidth},
	volume = 57,
	year = {1992}}

@article{bienati98,
	author  = {Nicola Bienati and Umberto Spagnolini},
	journal = {60th {EAGE} Conference \& Exhibition, Extended Abstracts},
	title   = {Traveltime picking in 3{D} data volumes},
	year    = {1998}
}

@article{bondar92,
	author  = {Istv\'an Bond\'ar},
	journal = {Geophysical Prospecting},
	number  = {7},
	pages   = {785--800},
	title   = {Seismic horizon detection using image processing algorithms},
	volume  = {40},
	year    = {1992}
}

@article{boschetti96fractal,
   author    = {Fabio Boschetti and Mike D. Dentith and Ron D. List},
   doi       = {10.1190/1.1444030},
   journal   = {Geophysics},
   number    = {4},
   pages     = {1095-1102},
   publisher = {SEG},
   title     = {A fractal-based algorithm for detecting first arrivals on seismic traces},
   url       = {http://link.aip.org/link/?GPY/61/1095/1},
   volume    = {61},
   year      = {1996}
}


@article{brown10generalized,
	author  = {Robert A. Brown and M. Louis Lauzon and Richard Frayne},
   doi     = {10.1109/TSP.2009.2028972},
	journal = {Signal Processing, IEEE Transactions on},
	month   = {jan},
	number  = {1},
	pages   = {281--290},
	title   = {A general description of linear time-frequency transforms and formulation of a fast, invertible transform that samples the continuous {S}-transform spectrum nonredundantly},
	volume  = {58},
	year    = {2010}
}

@article{coppens85first,
   author    = {Coppens, F.},
   journal   = {Geophysical Prospecting},
   number    = {8},
   pages     = {1212--1231},
   publisher = {John Wiley \& Sons},
   title     = {First arrival picking on common-offset trace collections for automatic estimation of static corrections},
   volume    = {33},
   year      = {1985}
}

@article{criss03first-arrival,
   author    = {C. J. Criss and R. Kappius and D. Cunningham},
   journal   = {54th Annual International Meeting, SEG, Expanded Abstracts},
   doi       = {10.1190/1.1817715},
   number    = {1},
   pages     = {1984},
   title     = {First arrival picking using image processing methods},
   url       = {http://link.aip.org/link/?SGA/22/1984/1},
   volume    = {22},
   year      = {2003}
}

@article{earle94global,
   author    = {Paul S.~Earle and Peter M.~Shearer},
   title     = {Characterization of global seismograms using an automatic-picking algorithm},
   journal   = {Bulletin of the Seismological Society of America},
   year      = 1994,
   volume    = 84,
   number    = 2,
   pages     = {366--376}
}

@article{fomel07local,
   author    = {Sergey Fomel},
   doi       = {10.1190/1.2437573},
   journal   = {Geophysics},
   month     = {May},
   number    = {3},
   pages     = {A29-A33},
   publisher = {SEG},
   title     = {Local seismic attributes},
   url       = {http://link.aip.org/link/?GPY/72/A29/1},
   volume    = {72},
   year      = {2007}
}

@article{fomel07shaping,
   author    = {Sergey Fomel},
   doi       = {10.1190/1.2433716},
   journal   = {Geophysics},
   month     = {February},
   number    = {2},
   pages     = {R29-R36},
   publisher = {SEG},
   title     = {Shaping regularization in geophysical-estimation problems},
   url       = {http://link.aip.org/link/?GPY/72/R29/1},
   volume    = {72},
   year      = {2007}
}

@article{fuller93picking3d,
   author    = {Brian N. Fuller and Tony Kusuma},
   journal   = {63rd Annual International Meeting, SEG, Expanded Abstracts},
   doi       = {10.1190/1.1822471},
   number    = {1},
   pages     = {325-328},
   title     = {A method for picking first breaks in 3-component seismic data},
   url       = {http://link.aip.org/link/?SGA/12/325/1},
   volume    = {12},
   year      = {1993}
}

@article{garotta71,
	author  = {Robert Garotta},
	journal = {Geophysical Prospecting},
	number  = {3},
	pages   = {357-370},
	title   = {Selection of seismic picking based upon the dip, move-out and amplitude of each event},
	volume  = {19},
	year    = {1971}
}

@article{jiao00fractal,
   author    = {Lingxiu Jiao and Wooil M.~Moon},
   journal   = {Geophysics},
   number    = {01},
   pages     = {286--292},
   publisher = {Soc. of Expl. Geophys.},
   title     = {Detection of seismic refraction signals using a variance fractal dimension technique},
   volume    = {65},
   year      = {2000}
}

@article{key90eventdetection,
   author    = {Scott C. Key and Scott B. Smithson},
   doi       = {10.1190/1.1442918},
   journal   = {Geophysics},
   number    = {8},
   pages     = {1057-1069},
   publisher = {SEG},
   title     = {New approach to seismic-reflection event detection and velocity determination},
   url       = {http://link.aip.org/link/?GPY/55/1057/1},
   volume    = {55},
   year      = {1990}
}

@article{kuperkoch10,
   author    = {L[] Kuperkoch and T[] Meier and J[] Lee and W[] Friederich},
   title     = {Automated determination of {P}-phase arrival times at regional and local distances using higher order statistics},
   journal   = {Geophysical Journal International},
   year      = 2010,
   volume    = 181,
   pages     = {1159--1170}
}

@article{lesniak98tfcoherency,
   author    = {Andrzej Le\'{s}niak and Hiroaki Niitsuma},
   doi       = {10.1190/1.1444477},
   journal   = {Geophysics},
   number    = {6},
   pages     = {1847-1857},
   publisher = {SEG},
   title     = {Time-frequency coherency analysis of three-component crosshole seismic data for arrival detection},
   url       = {http://link.aip.org/link/?GPY/63/1847/1},
   volume    = {63},
   year      = {1998}
}

@article{lopez09fuzzy,
   author    = {Crucelis ``Cucha" L{\'o}pez and Milagrosa Aldana},
   journal   = {79th Annual International Meeting, SEG, Expanded Abstracts},
   doi       = {10.1190/1.3255747},
   number    = {1},
   pages     = {4189-4193},
   publisher = {SEG},
   title     = {Automatic first break picking in {VSP} data using fuzzy logic systems},
   url       = {http://link.aip.org/link/?SGA/28/4189/1},
   volume    = {28},
   year      = {2009}
}

@article{lovell93instfreq,
   author    = {Brian C. Lovell and Robert C. Williamson and Boualem Boashash},
   doi       = {10.1109/78.205756},
   issn      = {1053-587X},
   journal   = {Signal Processing, IEEE Transactions on},
   month     = {mar},
   number    = {3},
   pages     = {1458-1461},
   title     = {The relationship between instantaneous frequency and time-frequency representations},
   volume    = {41},
   year      = {1993}
}

@article{liu11time-freq,
   author    = {Guochang Liu and Sergey Fomel and Xiaohong Chen},
   journal   = {Geophysics},
   number    = {6},
   pages     = {P23-P34},
   title     = {Time-frequency analysis of seismic data using local attributes},
   volume    = {76},
   publisher = {SEG},
   year      = {2011}
}

@article{marfurt98,
	author  = {Kurt J. Marfurt and R. Lynn Kirlin and Steven L. Farmer and Michael S. Bahorich},
	journal = {Geophysics},
	number  = {4},
	pages   = {1150--1165},
	title   = {3-{D} seismic attributes using a semblance-based coherency algorithm},
	volume  = {63},
	year    = {1998}
}	

@article{maroni01,
	author  = {C. S. Maroni and A. Quinquis and S. Vinson},
	journal = {Digital Signal Processing},
	number  = {4},
	pages   = {269-287},
	title   = {Horizon picking on subbottom profiles using multiresolution analysis},
	volume  = {11},
	year    = {2001}
}

@article{molyneux99firstbreak,
   author    = {Joseph B. Molyneux and Douglas R. Schmitt},
   doi       = {10.1190/1.1444653},
   journal   = {Geophysics},
   number    = {5},
   pages     = {1492-1501},
   publisher = {SEG},
   title     = {First-break timing: {A}rrival onset times by direct correlation},
   url       = {http://link.aip.org/link/?GPY/64/1492/1},
   volume    = {64},
   year      = {1999}
}

@article{murat92neural,
   annote    = {publisher={}},
   author    = {Michael E. Murat and Albert J. Rudman},
   journal   = {Geophysical Prospecting},
   number    = {6},
   pages     = {587--604},
   title     = {Automated first arrival picking: a neural network approach},
   volume    = {40},
   year      = {1992}
}

@article{sabbione10automatic,
   author    = {Juan I. Sabbione and Danilo Velis},
   doi       = {10.1190/1.3463703},
   journal   = {Geophysics},
   month     = {August-September},
   number    = {4},
   pages     = {V67-V76},
   publisher = {SEG},
   title     = {Automatic first-breaks picking: new strategies and algorithms},
   url       = {http://link.aip.org/link/?GPY/75/V67/1},
   volume    = {75},
   year      = {2010}
}

@article{saragiotis12itime1st,
	author  = {Christos Saragiotis and Tariq Alkhalifah},
	journal = {74th {EAGE} Conference \& Exhibition, Extended Abstracts},
	title   = {Automatic first break picking using the instantaneous traveltime attribute},
	year    = {2012}
}

@book{sheriff02dictionary,
   author    = {Robert E. Sheriff},
   edition   = {4th},
   number    = {13},
   publisher = {SEG},
   series    = {Geophysical reference series},
   title     = {Encyclopedic dictionary of applied geophysics},
   year      = {2002}
}

@article{spagnolini91picking,
   author    = {Umberto Spagnolini},
   journal   = {Geophysical Prospecting},
   pages     = {293-312},
   publisher = {EAGE},
   title     = {Adaptive picking of refracted first arrivals},
   volume    = {39},
   year      = {1991}
}

@article{stoffa74homo1,
	author = {Paul L. Stoffa and Peter Buhl and George M. Bryan},
	journal = {Geophysics},
	number = {4},
	pages = {401-415},
	title = {The application of homomorphic deconvolution to shallow-water marine seismology --- {P}art {I}: {M}odels},
	volume = {39},
	year = {1974}
}

@article{taner79complex,
   author = {M. T. Taner and F. Koehler and R. E. Sheriff},
   journal = {Geophysics},
   number = {6},
   pages = {1041-1063},
   publisher = {SEG},
   title = {Complex seismic trace analysis},
   volume = {44},
   year = {1979}
}

@article{tu93automated,
   author    = {P. Tu and I. Mason and A. Zisserman},
   journal   = {63rd Annual International Meeting, SEG, Expanded Abstracts},
   doi       = {10.1190/1.1822448},
   number    = {1},
   pages     = {234-237},
   publisher = {SEG},
   title     = {An automated system for picking seismic events},
   url       = {http://link.aip.org/link/?SGA/12/234/1},
   volume    = {12},
   year      = {1993}
}

@book{yilmaz,
   author    = {\:{Oz} Yilmaz},
   publisher = {SEG},
   series    = {Investigations in Geophysics},
   title     = {Seismic data analysis: Processing, inversion and interpretation of seismic data},
   volume    = 10,
   year      = 2001
}  

@article{yung97bicoherence,
   author    = {S. K. Yung and Luc T. Ikelle},
   doi       = {10.1190/1.1444295},
   journal   = {Geophysics},
   month     = {November},
   number    = {6},
   pages     = {1947-1952},
   publisher = {SEG},
   title     = {An example of seismic time picking by third-order bicoherence},
   url       = {http://link.aip.org/link/?GPY/62/1947/1},
   volume    = {62},
   year      = {1997}
}
