@incollection{etgen,
	author=	{J[] Etgen and S[] Brandsberg-Dahl},
	year=	2009,
	title=	{The pseudo-analytical method: application of {pseudo-Laplacians} to acoustic and acoustic anisotropic wave propagation},
	publisher=	{Soc. of Expl. Geophys.},
	booktitle=	{79th Ann. Internat. Mtg},
        pages = {2552-2556}
	}

@incollection{chunlei,
	author=	{C[] Chu and P[] Stoffa},
	year=	2008,
	title=	{A pseudospectral-finite difference hybrid approach for large-scale seismic modeling and {RTM} on parallel computers},
	publisher=	{Soc. of Expl. Geophys.},
	booktitle=	{78th Ann. Internat. Mtg},
        pages = {2087-2091}
	}

@incollection{wards,
	author=	{B[en] D[] Wards and G[ary] F[] Margrave and M[ichael] P[] Lamoureux},
	year=	2008,
	title=	{Phase-shift time-stepping for reverse-time migration},
	publisher=	{Soc. of Expl. Geophys.},
	booktitle=	{78th Ann. Internat. Mtg},
        pages = {2262-2266}
	}


@article {engquistying2007,
    AUTHOR = {Engquist, Bj{\"o}rn and Ying, Lexing},
     TITLE = {Fast directional multilevel algorithms for oscillatory
              kernels},
   JOURNAL = {SIAM J. Sci. Comput.},
  FJOURNAL = {SIAM Journal on Scientific Computing},
    VOLUME = {29},
      YEAR = {2007},
    NUMBER = {4},
     PAGES = {1710--1737 (electronic)},
      ISSN = {1064-8275},
   MRCLASS = {65C05 (65R20)},
  MRNUMBER = {MR2341809 (2008i:65004)},
       DOI = {10.1137/07068583X},
       URL = {http://dx.doi.org/10.1137/07068583X},
}


@article {engquistying2009,
    AUTHOR = {Engquist, Bj{\"o}rn and Ying, Lexing},
     TITLE = {A fast directional algorithm for high frequency acoustic
              scattering in two dimensions},
   JOURNAL = {Commun. Math. Sci.},
  FJOURNAL = {Communications in Mathematical Sciences},
    VOLUME = {7},
      YEAR = {2009},
    NUMBER = {2},
     PAGES = {327--345},
      ISSN = {1539-6746},
   MRCLASS = {65N38 (76Q05)},
  MRNUMBER = {MR2536441},
MRREVIEWER = {Paul Andrew Martin},
       URL = {http://projecteuclid.org/getRecord?id=euclid.cms/1243443983},
}

@ARTICLE{song,
  author = {J[] Song},
  title = {The optimized expression of a high dimensional function/manifold in a lower dimensional space},
  journal = {Chinese Scientific Bulletin},
  year = {2001},
  volume = {46},
  pages = {977-984}
}

@incollection{song2010a,
	author=	{X[] Song and S[] Fomel},
	year=	2010,
	title=	{Fourier finite-difference wave propagation},
	publisher=	{Soc. of Expl. Geophys.},
	booktitle=	{80th Ann. Internat. Mtg},
        pages = {3204-3209}
	}

@ARTICLE{song2010b,
  author = {X[] Song and S[] Fomel},
  title = {Fourier finite-difference wave propagation},
  journal = {Geophysics},
  year = {2011},
  volume = {76},
  pages = {T123-T129}
}

@Article{anelliptic,
  author =       {S[] Fomel},
  title =        {On anelliptic approximations for q{P} velocities in {VTI} media},
  journal =      {Geophysical Prospecting},
  year =         2004,
  volume =       52,
  pages =        {247-259}
}

@ARTICLE{zhang,
  author = {Y[] Zhang and G[] Zhang},
  title = {One-step extrapolation method for reverse time migration},
  journal = {Geophysics},
  year = {2009},
  volume = {74},
  number = {4},
  publisher = {SEG},
  pages = {A29-A33}
}

@INPROCEEDINGS{du,
  author = {X[] Du and R[] P[] Fletcher and P[] J[] Fowler}, 
  title = {Pure {P}-wave propagators versus pseudo-acoustic propagators for {RTM} in {VTI} meida},
  booktitle = {72nd Annual EAGE Meeting, EAGE, Expanded Abstracts},
  year = {2010},
  pages = {C013}
}

@INPROCEEDINGS{bp,
  author = {F[] J[] Billette and S[] Brandsberg-Dahl}, 
  title = {The 2004 {BP} velocity benchmark},
  booktitle = {67th Annual EAGE Meeting, EAGE, Expanded Abstracts},
  year = {2005},
  pages = {B305}
}

@Book{golub,
  author =	 {G[] H[] Golub and C[] F[] {Van~Loan}},
  title = 	 {Matrix Computations},
  publisher = 	 {John Hopkins},
  year = 	 1996
}

% This file was created with JabRef 2.5.
% Encoding: UTF8


@ARTICLE{Goreinov:97,
  author = {Goreinov, S.A. and Tyrtyshnikov, E.E. and Zamarashkin, N.L.},
  title = {A theory of pseudoskeleton approximations},
  journal = {Linear Algebra Appl.},
  year = {1997},
  volume = {261},
  pages = {1--21}
}

@article {GuEisenstat:96,
    AUTHOR = {Gu, Ming and Eisenstat, Stanley C.},
     TITLE = {Efficient algorithms for computing a strong rank-revealing
              {QR} factorization},
   JOURNAL = {SIAM J. Sci. Comput.},
  FJOURNAL = {SIAM Journal on Scientific Computing},
    VOLUME = {17},
      YEAR = {1996},
    NUMBER = {4},
     PAGES = {848--869},
      ISSN = {1064-8275},
     CODEN = {SJOCE3},
   MRCLASS = {65F25 (15A23)},
  MRNUMBER = {1395351 (97h:65053)},
MRREVIEWER = {Henry Wolkowicz},
       DOI = {10.1137/0917055},
       URL = {http://dx.doi.org/10.1137/0917055},
}


@incollection {JohnsonLindenstrauss:84,
    AUTHOR = {Johnson, William B. and Lindenstrauss, Joram},
     TITLE = {Extensions of {L}ipschitz mappings into a {H}ilbert space},
 BOOKTITLE = {Conference in modern analysis and probability ({N}ew {H}aven,
              {C}onn., 1982)},
    SERIES = {Contemp. Math.},
    VOLUME = {26},
     PAGES = {189--206},
 PUBLISHER = {Amer. Math. Soc.},
   ADDRESS = {Providence, RI},
      YEAR = {1984},
   MRCLASS = {46B20},
  MRNUMBER = {737400 (86a:46018)},
MRREVIEWER = {Yehoram Gordon},
}



@article {EngquistYing:09,
    AUTHOR = {Engquist, Bj{\"o}rn and Ying, Lexing},
     TITLE = {A fast directional algorithm for high frequency acoustic
              scattering in two dimensions},
   JOURNAL = {Commun. Math. Sci.},
  FJOURNAL = {Communications in Mathematical Sciences},
    VOLUME = {7},
      YEAR = {2009},
    NUMBER = {2},
     PAGES = {327--345},
      ISSN = {1539-6746},
   MRCLASS = {65N38 (76Q05)},
  MRNUMBER = {MR2536441 (2010d:65351)},
MRREVIEWER = {Paul Andrew Martin},
       URL = {http://projecteuclid.org/getRecord?id=euclid.cms/1243443983},
}

@incollection {Magen:2002,
    AUTHOR = {Magen, Avner},
     TITLE = {Dimensionality reductions that preserve volumes and distance
              to affine spaces, and their algorithmic applications},
 BOOKTITLE = {Randomization and approximation techniques in computer
              science},
    SERIES = {Lecture Notes in Comput. Sci.},
    VOLUME = {2483},
     PAGES = {239--253},
 PUBLISHER = {Springer},
   ADDRESS = {Berlin},
      YEAR = {2002},
   MRCLASS = {68W25 (62H05 62H30 68Q25)},
  MRNUMBER = {2047033 (2005a:68237)},
       DOI = {10.1007/3-540-45726-7_19},
       URL = {http://dx.doi.org/10.1007/3-540-45726-7_19},
}

@Book{seg-eage,
  author =	 {F[] Aminzadeh and J[] Brac and T[] Kunz},
  title = 	 {{3-D} Salt and Overthrust Models},
  publisher = 	 {SEG},
  year = 	 1997
}

@Article{us,
  author = 	 {S[ergey] Fomel and L[] Ying and X[] Song},
  title = 	 {Seismic wave extrapolation using lowrank symbol approximation},
  journal = 	 {Geophysical Prospecting},
  year = 	 2011,
  pages =	 {submitted}
}

@incollection{perm,
	author=	{T[] Alkhalifah and S[] Fomel},
	year=	2010,
	title=	{Source-receiver two-way wave
  extrapolation for prestack exploding-reflector modeling and
  migration},
	publisher=	{Soc. of Expl. Geophys.},
	booktitle=	{80th Ann. Internat. Mtg},
        pages = {2950-2955}
	}

@incollection{fowler,
	author=	{P[] Fowler and X[] Du and R[] P[] Fletcher},
	year=	2010,
	title=	{Recursive integral time extrapolation methods 
for scalar waves},
	publisher=	{Soc. of Expl. Geophys.},
	booktitle=	{80th Ann. Internat. Mtg},
        pages = {3210-3215}
	}

@Article{rem,
  author = 	 {R[eynam] C[] Pestana and Paul L[] Stoffa},
  title = 	 {Using the rapid expansion method for accurate time-stepping in modeling and reverse-time migration},
  journal = 	 {Geophysics},
  year = 	 2011,
  volume = 	 76,
  pages = 	 {S177-S185}}

@incollection{lfd,
	author=	{X[] Song and S[] Fomel and L[] Ying and T[] Ding},
	year=	2011,
	title=	{Lowrank finite-differences for wave extrapolation},
	publisher=	{Soc. of Expl. Geophys.},
	booktitle=	{81st Ann. Internat. Mtg},
        pages = {3372-3376}
	}