@Book{brown,
  author =	 {A[] R[] Brown},
  title = 	 {Interpretation of three-dimensional seismic data},
  publisher = 	 {AAPG and SEG},
  year = 	 1999
}

@incollection{Dono81,
 author={D. Donoho},
 year={1981},
 title={On minimum entropy deconvolution},
 booktitle={Applied time series analysis {II}},
 editor={D. F. Findley},
 publisher={Academic Press},
 pages={565-608}
}

@article{Hardage1,
 author={B. A. Hardage and D. L. Carr and D. E. Lancaster and J. L. {Simmons Jr} and R. Y. Elphick and V. M. Pendleton and R. A. Johns}, 
 year={1996},
 title={{3-D} seismic evidence of the effects of carbonate karst collapse on overlying clastic stratigraphy and reservoir compartmentalization},
 journal={Geophysics},
 volume={61}, 
 pages={1336-1350}
}
@article{Hardage2,
 author={B. A. Hardage and D. L. Carr and D. E. Lancaster and J. L. {Simmons Jr} and D. S. Hamilton and R. Y. Elphick and K. L. Oliver and R. A. Johns}, 
 year={1996},
 title={{3-D} seismic imaging and seismic attribute analysis of genetic sequences deposited in low-accommodation conditions},
 journal={Geophysics},
 volume={61}, 
 pages={1351-1362}
}

@book{pvi,
   author = {J[on] F[] Claerbout},
   publisher = {Blackwell Scientific Publications},
   title = {{Earth Soundings Analysis: Processing Versus Inversion}},
   year = {1992}
}


@article{LeOl87,
 author={S. Levy and D. W. Oldenburg}, 
 year={1987},
 title={Automatic phase correction of common-midpoint stacked data},
 journal={Geophysics},
 volume={52}, 
 pages={51-59}
}
@article{Mend91,
 author={J. M. Mendel},
 year={1991},
 title={Tutorial on higher-order statistics (spectra) in signal processing 
  and system theory},
 journal={Proc. IEEE},
 volume={79},
 pages={278-305}
}

@article{Pollastro07,
 author={R. M. Pollastro and D. M. Jarvie and R. J. Hill and C. W. Adams}, 
 year={2007},
 title={Geologic framework of the {Mississipian Barnett Shale}, {Barnett-Paleozoic} total petroleum system, {Bend-arch--Fort Worth Basin, Texas}},
 journal={AAPG Bulletin},
 volume={91 (4)}, 
 pages={405-436}
}
@article{WaHo85,
 author={A. T. Walden and J. W. J. Hosken},
 year={1985},
 title={An investigation of the spectral properties of primary reflection 
   coefficients},
 journal={Geophys. Prospect.},
 volume={33},
 pages={400-435}
}
@article{WaHo86,
 author={A. T. Walden and J. W. J. Hosken},
 title={The nature of the non-gaussianity of primary reflection coefficients
  and its significance for deconvolution},
 year={1986},
 journal={Geophys. Prospect},
 volume={34},
 pages={1038-1066}
}

@article{Whit88,
  title={Maximum kurtosis phase correction},
  author={R[] E[] White},
  journal={Geophysical Journal},
  volume={95},
  number={2},
  pages={371-389},
  year={1988},
  publisher={Wiley Online Library}
}

@Article{mirko1,
  author = 	 {M[] {Van~der~Baan}},
  title = 	 {Time-varying wavelet estimation and deconvolution using kurtosis maximization},
  journal = 	 {Geophysics},
  year = 	 2008,
  volume = 	 73,
  number = 	 2,
  pages = 	 {V11-V18}}


@Article{mirko2,
  author = 	 {M[] {Van~der~Baan} and S[] Fomel},
  title = 	 {Nonstationary phase estimation using regularized local kurtosis maximization},
  journal = 	 {Geophysics},
  year = 	 2009,
  volume = 	 74,
  number = 	 6,
  pages = 	 {A75-A80}}

@incollection{mirko3,
	author=	{M[] {Van~der~Baan} and M[] Perz and S[] Fomel},
	year=	2010,
	title=	{Nonstationary phase estimation for analysis of wavelet character},
	publisher=	{EAGE},
	booktitle=	{72nd Conference and Exhibition},
        pages = {D020}
	}

@article{mirko4,
  title={Nonstationary phase estimation: {A} tool for seismic interpretation?},
  author={M[] {Van~der~Baan} and S[] Fomel and M[] Perz},
  journal={The Leading Edge},
  volume={29},
  number={9},
  pages={1020--1026},
  year={2010},
  publisher={Society of Exploration Geophysicists}
}

@Article{attr,
  author = 	 {S[] Fomel},
  title = 	 {Local seismic attributes},
  journal = 	 {Geophysics},
  year = 	 2007,
  volume = 	 72,
  pages = 	 {A29-A33}}


@Article{diffr,
  author = 	 {S[] Fomel and E[] Landa and M[] T[] Taner},
  title = 	 {Post-stack velocity
analysis by separation and imaging of seismic diffractions},
  journal = 	 {Geophysics},
  year = 	 2007,
  volume = 	 72,
  pages = 	 {U89-U94}}

@Article{timelapse,
  author = 	 {S[] Fomel and L[] Jin},
  title = 	 {Time-lapse image registration using the local similarity attribute},
  journal = 	 {Geophysics},
  year = 	 2009,
  volume = 	 74,
  pages = 	 {A7-A11}}

@Article{stack,
  author = 	 {G[] Liu and S[] Fomel and L[] Jin and X[] Chen},
  title = 	 {Stacking seismic data using local correlation},
  journal = 	 {Geophysics},
  year = 	 2009,
  volume = 	 74,
  pages = 	 {V43-V48}}

@incollection{timefreq2009,
	author=	{G[] Liu and S[] Fomel and X[] Chen},
	year=	2009,
	title=	{Time-frequency characterization using local attributes},
	publisher=	{Soc. of Expl. Geophys.},
	booktitle=	{79th Ann. Internat. Mtg},
        pages = {1826-1829}
	}

@incollection{envelope,
	author=	{S[] Fomel and M[] van~der~Baan},
	year=	2010,
	title=	{Local similarity with the
  envelope as a seismic phase detector},
	publisher=	{Soc. of Expl. Geophys.},
	booktitle=	{80th Ann. Internat. Mtg},
        pages = {1555-1559}
	}

@Article{timefreq,
  author = 	 {G[] Liu and S[] Fomel and X[] Chen},
  title = 	 {Time-frequency
analysis of seismic data using local attributes},
  journal = 	 {Geophysics},
  year = 	 2011,
  volume = 	 76,
  pages = 	 {P23-P34}}

@incollection{illum2009,
	author=	{G[] Liu and S[] Fomel and X[] Chen},
	year=	2009,
	title=	{Stacking angle-domain common-image gathers for normalization of illumination},
	publisher=	{Soc. of Expl. Geophys.},
	booktitle=	{79th Ann. Internat. Mtg},
        pages = {2949-2954}
	}

@Article{illum,
  author = 	 {G[] Liu and S[] Fomel and X[] Chen},
  title = 	 {Stacking angle-domain
common-image gathers for normalization of illumination},
  journal = 	 {Geophysical
Prospecting},
  year = 	 2011,
  volume =	 59,
  pages =	 {244-255}
}

@article{shape,
 author={S. Fomel},
 year={2007},
 title={Shaping regularization in geophysical-estimation problems},
 journal={Geophysics},
 volume={72},
 pages={R29-R36}
}

@Article{rui,
  author = 	 {R. Zhang and X. Song and S. Fomel and M. K. Sen and S. Srinivasan,},
  title = 	 {Time-lapse seismic data registration and inversion for {$\mbox{CO}_2$},
  sequestration study at {Cranfield}},
  journal = 	 {Geophysics},
  year = 	 2013,
  volume = 	 78,
  pages = 	 {B329-B338}}

@Book{boon,
  author = 	 {B[] A[] Hardage and J[] L[] Simmons and D[] E[] Lancaster and R[] Y[] Elphick and R[] D[] Edson and D[] L[] Carr and V[irginia] Pendleton},
  title = 	 {Boonsville {3-D} Seismic Data Set},
  publisher = 	 {Bureau of Economic Geology},
  year = 	 1996
}

@Book{robinson,
  author =	 {E[nders] A[] Robinson and S[] Treitel},
  title = 	 {Geophysical Signal Analysis},
  publisher = 	 {Society Of Exploration Geophysicists},
  year = 	 2000
}

@Article{avo,
  author = 	 {S[] Fomel},
  title = 	 {Velocity analysis using {AB} semblance},
  journal = 	 {Geophysical Prospecting},
  year = 	 2009,
  volume =	 57,
  pages =	 {311-321}
}

@article{Schoenberger74,
 author={M. Schoenberger},
 title={Resolution comparison of minimum-phase and zero-phase signals},
 year={1974},
 journal={Geophysics},
 volume={39},
 pages={826-833}
}

@article{Wiggins78,
    Author         = {Wiggins, R.A.},
    Journal        = {Geoexploration},
    Pages          = {21--35},
    Title          = {Minimum entropy deconvolution},
    Volume         = {16},
    Year           = {1978}
}

@incollection{pierre,
  title={The reliability of the kurtosis-based wavelet estimation},
  author={Xu, Yungui and Thore, Pierre and Duchenne, Sebastien},
  booktitle={SEG Technical Program Expanded Abstracts 2012},
  year={2012},
  publisher={Society of Exploration Geophysicists},
  url={http://dx.doi.org/10.1190/segam2012-1221.1}
}

@Book{bulmer,
  author = 	 {M[] Bulmer},
  title = 	 {Principles of Statistics},
  publisher = 	 {Dover Publications},
  year = 	 1979}

@Article{hesam,
  author = 	 {S. H. Kazemeini and C. Juhlin and S. Fomel},
  title = 	 { Monitoring 
$\mbox{CO}_2$ response on surface seismic data; a rock physics and
seismic modeling feasibility study at the $\mbox{CO}_2$ sequestration
site, {Ketzin}, {Germany}},
  journal = 	 {Journal of Applied Geophysics},
  year = 	 2010,
  volume = 	 71,
  pages = 	 {109-124}}

