@Book{nsk,
  author = 	 {M[ikhail] M[ikhailovich] Lavrentiev and V[ladimir] G[avrilovich] Romanov and V[iacheslav] G[rigorevich] Vasiliev},
  title = 	 {Multidimensional Inverse Problems for Differential Equations},
  publisher = 	 {Springer-Verlag},
  year = 	 1970,
  volume =	 167,
  series =	 {Lecture Notes in Mathematics}
}

@Book{cherv,
  author = 	 {V[] \v{C}erveny and I[] A[] Molotkov and I[] P\v{s}encik.},
  title = 	 {Ray method in seismology},
  publisher = 	 {Univerzita Karlova},
  year = 	 1977,
  address =	 {Praha}
}

@Article{gray,
  author = 	 {S[amuel] H[] Gray and W[illiam] P[] May},
  title = 	 {Kirchhoff migration using eikonal equation traveltimes},
  journal = 	 {Geophysics},
  year = 	 1994,
  volume =	 59,
  number =	 5,
  pages =	 {810-817}
}


@article{schneider,
author={W[illiam] A[] Schneider},
year={1995},
title={Robust and efficient upwind finite-difference traveltime calculations in three dimensions},
journal={Geophysics},
volume={60},
number={4},
pages={1108-1117}}


@Article{tariq,
  author = 	 {T[ariq] Alkhalifah},
  title = 	 {Acoustic approximations for processing in transversely isotropic media},
  journal = 	 {submitted to Geophysics},
  year = 	 1997
}

