@inproceedings{seg2007,
   author = {S[] Fomel},
   booktitle = {77th Ann. Internat. Mtg},
   pages = {1962-1966},
   publisher = {Soc. of Expl. Geophys.},
   title = {Applications of nonstationary regression},
   year = {2007}}


@Book{haykin,
  author =	 {S[imon] Haykin},
  title = 	 {Adaptive Filter Theory},
  publisher = 	 {Prentice Hall},
  year = 	 2001
}

@Article{alejandro,
  author = 	 {A[lejandro] A[] Valenciano and B[iondo] Biondi and A[ntoine] Guitton},
  title = 	 {Target-oriented wave-equation inversion},
  journal = 	 {Geophysics},
  year = 	 2006,
  volume =	 71,
  pages =	 {A35-A38}
}

@Article{shape,
  author = 	 {S[] Fomel},
  title = 	 {Shaping regularization in geophysical-estimation
  problems},
  journal = 	 {Geophysics},
  pages =	 {R29-R36},
  year = 	 2007,
  volume =	 72
}

@inproceedings{attr-seg,
   author = {S[] Fomel},
   booktitle = {76th Ann. Internat. Mtg},
   pages = {1228-1232},
   publisher = {Soc. of Expl. Geophys.},
   title = {Local seismic attributes},
   year = {2006}}

@Article{attr2,
  author = 	 {S[] Fomel},
  title = 	 {Local seismic attributes},
  journal = 	 {Geophysics, accepted},
  year = 	 2007,
  volume =	 72
}

@Book{engl,
  author =	 {H[] Engl and M[] Hanke and A[] Neubauer},
  title = 	 {Regularization of Inverse Problems},
  publisher = 	 {Kluwer Academic Publishers},
  year = 	 1996
}

@Article{tikhonov,
  author = 	 {A[] N[] Tikhonov},
  title = 	 {Solution of incorrectly formulated problems and the regularization method},
  journal = 	 {Sovet Math. Dokl.},
  year = 	 1963,
  number =	 4,
  pages =	 {1035-1038}
}

@Book{gee,
  author =       {J[on] Claerbout},
  title =        {{I}mage estimation by example: {E}nvironmental soundings image enhancement},
  publisher =    {Stanford Exploration Project},
  year =         {2008},
  address =      {http://sepwww.stanford.edu/sep/prof/}
}


@book{pvi,
   author = {J[on] F[] Claerbout},
   publisher = {Blackwell Scientific Publications},
   title = {{Earth Soundings Analysis: Processing Versus Inversion}},
   year = {1992}
}

@Article{attr,
  author = 	 {S[] Fomel},
  title = 	 {Local seismic attributes},
  journal = 	 {Geophysics},
  year = 	 2007,
  volume =	 72,
  pages =	 {A29-A33}
}

@inproceedings{simon,
   author = {S[] Spitz},
   booktitle = {77th Ann. Internat. Mtg},
   pages = {2649-2653},
   publisher = {Soc. of Expl. Geophys.},
   title = {Perturbed prediction-driven multiple elimination: {A} {PEF} scheme},
   year = {2007}}

@Book{golub,
  author =	 {G[ene] H[] Golub and C[harles] F[] {Van~Loan}},
  title = 	 {Matrix computations},
  publisher = 	 {The John Hopkins University Press},
  year = 	 1996
}

@Book{vorst,
  author =	 {H[enk] A[] van~der~Vorst},
  title = 	 {Iterative {Krylov} methods for large linear systems},
  publisher = 	 {Cambridge University Press},
  year = 	 2003
}

@inproceedings{denisov,
   author = {M[] S[] Denisov and M[] A[] Polubojarinov and D[] B[] Finikov},
   booktitle = {EAGE St. Petersburg, Expanded Abstracts},
   pages = {B033},
   publisher = {European Association of Geoscientists \& Engineers},
   title = {Robust Methods of Adaptive Seismic Multiple
Suppression},
   year = {2006}}