% This file was created with JabRef 2.6.
% Encoding: Cp1252

@BOOK{cerveny,
  title = {Seismic Ray Theory},
  publisher = {Cambridge University Press},
  year = {2001},
  author = {Vlastislav \v{C}erven\'{y}},
  owner = {Administrator},
  timestamp = {2009.08.24}
}

@BOOK{Abramowitz1964,
  title = {Handbook of Mathematical Functions with Formulas, Graphs, and Mathematical
	Tables},
  publisher = {Dover},
  year = {1964},
  author = { Milton Abramowitz and Irene A. Stegun},
  address = {New York},
  edition = {ninth {D}over printing, tenth {GPO} printing},
  isbn = {0-486-61272-4},
  owner = {Administrator},
  timestamp = {2009.08.30}
}

@BOOK{aki,
  title = {Quantitative Seismology},
  publisher = {University Science Books},
  year = {2002},
  editor = {Jane Ellis},
  author = {Keeiti Aki and Paul G. Richards},
  pages = {700},
  edition = {second},
  owner = {Administrator},
  timestamp = {2009.10.03}
}

@ARTICLE{al-dajani:1738,
  author = {AbdulFattah Al-Dajani and Ilya Tsvankin},
  title = {Nonhyperbolic reflection moveout for horizontal transverse isotropy},
  journal = {Geophysics},
  year = {1998},
  volume = {63},
  pages = {1738-1753},
  number = {5},
  doi = {10.1190/1.1444469},
  publisher = {SEG},
  url = {http://link.aip.org/link/?GPY/63/1738/1}
}

@ARTICLE{alkhalifah:1239,
  author = {Tariq Alkhalifah},
  title = {An acoustic wave equation for anisotropic media},
  journal = {Geophysics},
  year = {2000},
  volume = {65},
  pages = {1239-1250},
  number = {4},
  doi = {10.1190/1.1444815},
  publisher = {SEG},
  url = {http://link.aip.org/link/?GPY/65/1239/1}
}

@ARTICLE{alkhalifah:623,
  author = {Tariq Alkhalifah},
  title = {Acoustic approximations for processing in transversely isotropic
	media},
  journal = {Geophysics},
  year = {1998},
  volume = {63},
  pages = {623-631},
  number = {2},
  doi = {10.1190/1.1444361},
  owner = {casasanta},
  publisher = {SEG},
  timestamp = {2009.07.16},
  url = {http://link.aip.org/link/?GPY/63/623/1}
}

@ARTICLE{alkhalifah:1839,
  author = {Tariq Alkhalifah},
  title = {Velocity analysis using nonhyperbolic moveout in transversely isotropic
	media},
  journal = {Geophysics},
  year = {1997},
  volume = {62},
  pages = {1839-1854},
  number = {6},
  doi = {10.1190/1.1444285},
  publisher = {SEG},
  url = {http://link.aip.org/link/?GPY/62/1839/1}
}

@ARTICLE{alkhalifah:1550,
  author = {Tariq Alkhalifah and Ilya Tsvankin},
  title = {Velocity analysis for transversely isotropic media},
  journal = {Geophysics},
  year = {1995},
  volume = {60},
  pages = {1550-1566},
  number = {5},
  doi = {10.1190/1.1443888},
  owner = {Administrator},
  publisher = {SEG},
  timestamp = {2009.08.23},
  url = {http://link.aip.org/link/?GPY/60/1550/1}
}

@ARTICLE{audebert:1188,
  author = {Fran\c{c}ois Audebert and Pascal Froidevaux and Hery Rakotoarisoa
	and Julie Svay-Lucas},
  title = {Insights into migration in the angle domain},
  journal = {SEG Technical Program Expanded Abstracts},
  year = {2002},
  volume = {21},
  pages = {1188-1191},
  number = {1},
  doi = {10.1190/1.1816863},
  publisher = {SEG},
  url = {http://link.aip.org/link/?SGA/21/1188/1}
}

@ARTICLE{baan:719,
  author = {Mirko van der Baan},
  title = {Processing of anisotropic data in the tau-p domain: {I---Geometric}
	spreading and moveout corrections},
  journal = {Geophysics},
  year = {2004},
  volume = {69},
  pages = {719-730},
  number = {3},
  doi = {10.1190/1.1759458},
  keywords = {seismic waves; data analysis; anisotropic media; wave propagation;
	error correction; geometry},
  publisher = {SEG},
  url = {http://link.aip.org/link/?GPY/69/719/1}
}

@ARTICLE{baan:1076,
  author = {Mirko van der Baan and J. Michael Kendall},
  title = {Estimating anisotropy parameters and traveltimes in the tau-p domain},
  journal = {Geophysics},
  year = {2002},
  volume = {67},
  pages = {1076-1086},
  number = {4},
  doi = {10.1190/1.1500368},
  keywords = {seismic waves; anisotropic media; inhomogeneous media; acoustic wave
	propagation; acoustic wave reflection; parameter estimation; inverse
	problems; transforms},
  publisher = {SEG},
  url = {http://link.aip.org/link/?GPY/67/1076/1}
}

@ARTICLE{bazelaire:143,
  author = {Eric de Bazelaire},
  title = {Normal moveout revisited: {Inhomogeneous} media and curved interfaces},
  journal = {Geophysics},
  year = {1988},
  volume = {53},
  pages = {143-157},
  number = {2},
  doi = {10.1190/1.1442449},
  publisher = {SEG},
  url = {http://link.aip.org/link/?GPY/53/143/1}
}

@ARTICLE{bernasconi:277,
  author = {Giancarlo Bernasconi and Giuseppe Drufuca},
  title = {{3-D} traveltimes and amplitudes by gridded rays},
  journal = {Geophysics},
  year = {2001},
  volume = {66},
  pages = {277-282},
  number = {1},
  doi = {10.1190/1.1444906},
  publisher = {SEG},
  url = {http://link.aip.org/link/?GPY/66/277/1}
}

@ARTICLE{bienati,
  author = {N[] Bienati and U[] Spagnolini},
  title = {Multidimensional wavefront estimation from differential delays},
  journal = {IEEE Trans. on Geoscience and Remote Sensing},
  year = {2001},
  volume = {39},
  pages = {655-664},
  number = {3}
}

@BOOK{BiondiEAGE,
  title = {Concepts and Applications in {3D} Seismic Imaging},
  year = {2007},
  editor = {Society of Exploration Geophysicist},
  author = {Biondi Biondi},
  owner = {Administrator},
  timestamp = {2009.09.08}
}

@BOOK{biondiBOOK,
  title = {{3D} Seismic Imaging},
  year = {2006},
  editor = {SEG},
  author = {Biondo Biondi},
  number = {14},
  owner = {Administrator},
  timestamp = {2009.09.14}
}

@ARTICLE{Biondi2007,
  author = {B[iondo] Biondi},
  title = {Angle-domain common-image gathers from anisotropic migration},
  journal = {Geophysics},
  year = {2007},
  volume = {72},
  pages = {S81-S91},
  number = {2},
  owner = {Casasanta},
  timestamp = {2008.10.15}
}

@BOOK{bleistein84,
  title = {Mathematical methods for wave phenomena},
  publisher = {N. Press},
  year = {1984},
  editor = {N.Y.A. (ed.)},
  author = {Norm Bleistein},
  owner = {Administrator},
  timestamp = {2009.08.24}
}

@ARTICLE{Broyden1965,
  author = {C[] G[] Broyden},
  title = {A class of method for solving non linear simultaneous equations},
  journal = {Mathematics of Computation},
  year = {1965},
  volume = {19},
  pages = {577-593},
  number = {92},
  month = {October},
  owner = {Lorenzo},
  timestamp = {2008.11.01},
  url = {http://www.jstor.org/stable/2003941}
}

@ARTICLE{burnett:3710,
  author = {William Burnett and Sergey Fomel},
  title = {Moveout analysis by time-warping},
  journal = {SEG Technical Program Expanded Abstracts},
  year = {2009},
  volume = {28},
  pages = {3710-3714},
  number = {1},
  doi = {10.1190/1.3255639},
  keywords = {anisotropy; multiazimuth; multiparameter; NMO},
  publisher = {SEG},
  url = {http://link.aip.org/link/?SGA/28/3710/1}
}

@ARTICLE{burnett:WB129,
  author = {William Burnett and Sergey Fomel},
  title = {{3D} velocity-independent elliptically anisotropic moveout correction},
  journal = {Geophysics},
  year = {2009},
  volume = {74},
  pages = {WB129-WB136},
  number = {5},
  doi = {10.1190/1.3184804},
  keywords = {geophysical techniques; seismology},
  publisher = {SEG},
  url = {http://link.aip.org/link/?GPY/74/WB129/1}
}

@ARTICLE{byun:1564,
  author = {B. S. Byun and D. Corrigan and J. E. Gaiser},
  title = {Anisotropic velocity analysis for lithology discrimination},
  journal = {Geophysics},
  year = {1989},
  volume = {54},
  pages = {1564-1574},
  number = {12},
  doi = {10.1190/1.1442624},
  owner = {Administrator},
  publisher = {SEG},
  timestamp = {2009.08.23},
  url = {http://link.aip.org/link/?GPY/54/1564/1}
}

@ARTICLE{Casasanta2008,
  author = {Lorenzo Casasanta and Giuseppe Drufuca and Clara Andreoletti and
	Jacopo Panizzardi},
  title = {{3D} anisotropic ray tracing by ray path optimization},
  journal = {SEG Technical Program Expanded Abstracts},
  year = {2008},
  volume = {27},
  pages = {2161-2165},
  number = {1},
  owner = {Administrator},
  publisher = {SEG},
  timestamp = {2009.08.30}
}

@ARTICLE{casasantafomel,
  author = {L. Casasanta and S. Fomel},
  title = {Velocity independent $\tau$-$p$ moveout in layered {VTI} media},
  journal = {72nd EAGE Conference \& Exhibition, EAGE, Expanded Abstract C030},
  year = {2010},
  owner = {casasanta},
  timestamp = {2010.03.29}
}

@BOOK{Cerveny2000,
  title = {Seismic Ray Method},
  publisher = {Cambridge University Press},
  year = {2000},
  author = {V[] Cerveny},
  owner = {Administrator},
  timestamp = {2009.08.30}
}

@BOOK{ClareboutESA,
  title = {Earth sounding analysis: {Processing} versus Inversion},
  publisher = {Blackwell},
  year = {1992},
  author = {Jon Claerbout},
  owner = {casasanta},
  timestamp = {2010.03.30}
}

@BOOK{claerbout:2006,
  title = {Basic Earth Imagin},
  publisher = {Stanford Exploration Project},
  year = {2006},
  author = {Claerbout, J. F.},
  owner = {lorenzmacbook},
  timestamp = {2010.07.15},
  url = {http://sepwww.stanford.edu/sep/prof/}
}

@INCOLLECTION{Claerbout.sep.14.13,
  author = {J[on] F[] Claerbout},
  title = {Straightedge Determination of Interval Velocity},
  booktitle = {SEP-14},
  publisher = {Stanford Exploration Project},
  year = {1978},
  type = {SEP-Report},
  pages = {13--16},
  journal = {SEP-Report},
  web = {http://sepwww.stanford.edu/oldreports/sep14/14_03.pdf}
}

@INCOLLECTION{Claerbout.sep.11.41,
  author = {J[on] F[] Claerbout},
  title = {How to Measure rms Velocity with a Pencil and a Straightedge},
  booktitle = {SEP-11},
  publisher = {Stanford Exploration Project},
  year = {1977},
  type = {SEP-Report},
  pages = {41--44},
  journal = {SEP-Report},
  web = {http://sepwww.stanford.edu/oldreports/sep11/11_05.pdf}
}

@TECHREPORT{clapp:1,
  author = {Robert G. Clapp},
  title = {{3D} Steering filter},
  institution = {Stanfor Exploration Project},
  year = {2000},
  type = {Report},
  number = {105},
  month = {September},
  owner = {casasanta},
  timestamp = {2009.07.23}
}

@ARTICLE{clapp:533,
  author = {Robert G. Clapp and Biondo L. Biondi and Jon F. Claerbout},
  title = {Incorporating geologic information into reflection tomography},
  journal = {Geophysics},
  year = {2004},
  volume = {69},
  pages = {533-546},
  number = {2},
  doi = {10.1190/1.1707073},
  keywords = {geophysical signal processing; seismic waves; reflection; tomography;
	velocity measurement; modelling; imaging},
  owner = {Administrator},
  publisher = {SEG},
  timestamp = {2009.08.23},
  url = {http://link.aip.org/link/?GPY/69/533/1}
}

@ARTICLE{Coman,
  author = {R. Coman and D. Gajewsky},
  title = {Traveltime computation by wavefront-oriented ray tracing},
  journal = {Geophysical Prospecting},
  year = {2005},
  volume = {53},
  pages = {23-36},
  owner = {Administrator},
  timestamp = {2009.09.08}
}

@ARTICLE{dehghan:SM47,
  author = {Kaveh Dehghan and V\'{e}ronique Farra and Laurence Nicol\'{e}tis},
  title = {Approximate ray tracing for {qP}-waves in inhomogeneous layered media
	with weak structural anisotropy},
  journal = {Geophysics},
  year = {2007},
  volume = {72},
  pages = {SM47-SM60},
  number = {5},
  doi = {10.1190/1.2743668},
  keywords = {seismic waves; anisotropic media; seismology; ray tracing},
  publisher = {SEG},
  url = {http://link.aip.org/link/?GPY/72/SM47/1}
}

@TECHREPORT{dellingerSEP,
  author = {J. Dellinger and F. Miur},
  title = {Two domains of anisotropy},
  institution = {Stanford Exploration Project},
  year = {1985},
  number = {44},
  owner = {Administrator},
  timestamp = {2009.08.25}
}

@ARTICLE{dix:68,
  author = {C. Hewitt Dix},
  title = {SEISMIC VELOCITIES FROM SURFACE MEASUREMENTS},
  journal = {Geophysics},
  year = {1955},
  volume = {20},
  pages = {68-86},
  number = {1},
  doi = {10.1190/1.1438126},
  publisher = {SEG},
  url = {http://link.aip.org/link/?GPY/20/68/1}
}

@ARTICLE{douma:D53,
  author = {Huub Douma and Mirko van der Baan},
  title = {Rational interpolation of {qP}-traveltimes for semblance-based anisotropy
	estimation in layered {VTI} media},
  journal = {Geophysics},
  year = {2008},
  volume = {73},
  pages = {D53-D62},
  number = {4},
  doi = {10.1190/1.2938036},
  keywords = {geophysical signal processing; geophysical techniques; inhomogeneous
	media; seismic waves},
  publisher = {SEG},
  url = {http://link.aip.org/link/?GPY/73/D53/1}
}

@BOOK{Dru,
  title = {Problemi Inversi},
  year = {2005},
  editor = {CUSL (Milano)},
  author = {Giuseppe Drufuca},
  owner = {casasanta},
  timestamp = {2009.07.22}
}

@BOOK{Drufuca2004,
  title = {Problemi Inversi},
  year = {2004},
  editor = {CUSL (Milano)},
  author = {Giuseppe Drufuca},
  owner = {Administrator},
  timestamp = {2008.10.27}
}

@ARTICLE{f.:2382,
  author = {Audebert F. and Dirks V. and Pettenati A.},
  title = {{TTI} anisotropic depth migration: {What} tilt estimate should we
	use?},
  journal = {SEG Technical Program Expanded Abstracts},
  year = {2006},
  volume = {25},
  pages = {2382-2386},
  number = {1},
  doi = {10.1190/1.2370013},
  publisher = {SEG},
  url = {http://link.aip.org/link/?SGA/25/2382/1}
}

@MASTERSTHESIS{FerlaMSC,
  author = {M. Ferla},
  title = {Stima dei parameteri anisotropi dal moveout non iperbolico},
  school = {Politecnico di Milano},
  year = {2005},
  owner = {Administrator},
  timestamp = {2009.09.08}
}

@ARTICLE{ferla:296,
  author = {Maurizio Ferla and Patrizia Cibin},
  title = {Interval anisotropic parameters estimation in a least squares sense
	--- Application on Congo MTPN real dataset},
  journal = {SEG Technical Program Expanded Abstracts},
  year = {2009},
  volume = {28},
  pages = {296-300},
  number = {1},
  doi = {10.1190/1.3255469},
  keywords = {anisotropy; estimation; inversion; least squares; NMO},
  publisher = {SEG},
  url = {http://link.aip.org/link/?SGA/28/296/1}
}

@BOOK{Fletcher2005,
  title = {Practical Methods of Optimization},
  publisher = {Wiley},
  year = {2005},
  author = {R. Fletcher},
  edition = {2},
  month = {5},
  isbn = {9780471494638},
  owner = {Administrator},
  price = {$100.00},
  timestamp = {2008.10.25},
  totalpages = {450},
  url = {http://amazon.com/o/ASIN/0471494631/}
}

@ARTICLE{fomel:A25,
  author = {Sergey Fomel},
  title = {Predictive painting of 3D seismic volumes},
  journal = {Geophysics},
  year = {2010},
  volume = {75},
  pages = {A25-A30},
  number = {4},
  doi = {10.1190/1.3453847},
  keywords = {geophysical techniques; seismic waves; seismology},
  publisher = {SEG},
  url = {http://link.aip.org/link/?GPY/75/A25/1}
}

@ARTICLE{fomel:2046,
  author = {Sergey Fomel},
  title = {Nonlinear shaping regularization in geophysical inverse problems},
  journal = {SEG Technical Program Expanded Abstracts},
  year = {2008},
  volume = {27},
  pages = {2046-2051},
  number = {1},
  doi = {10.1190/1.3059294},
  keywords = {inversion; least squares; prestack; Radon; seismic},
  owner = {Administrator},
  publisher = {SEG},
  timestamp = {2009.08.23},
  url = {http://link.aip.org/link/?SGA/27/2046/1}
}

@ARTICLE{fomel:864,
  author = {Sergey Fomel},
  title = {Predictive painting of {3-D} seismic volumes},
  journal = {SEG Technical Program Expanded Abstracts},
  year = {2008},
  volume = {27},
  pages = {864-868},
  number = {1},
  doi = {10.1190/1.3063778},
  keywords = {3D; interpretation; mapping; seismic; stratigraphy},
  publisher = {SEG},
  url = {http://link.aip.org/link/?SGA/27/864/1}
}

@ARTICLE{fomel:S139,
  author = {Sergey Fomel},
  title = {Velocity-independent time-domain seismic imaging using local event
	slopes},
  journal = {Geophysics},
  year = {2007},
  volume = {72},
  pages = {S139-S147},
  number = {3},
  doi = {10.1190/1.2714047},
  keywords = {seismology; seismic waves; imaging; image processing},
  publisher = {SEG},
  url = {http://link.aip.org/link/?GPY/72/S139/1}
}

@ARTICLE{FomelShaping,
  author = {Sergey Fomel},
  title = {Shaping regularization in geophysical estimation problems},
  journal = {Geophysics},
  year = {2007},
  volume = {72},
  pages = {R29-R36},
  owner = {Administrator},
  timestamp = {2009.10.15}
}

@ARTICLE{FomelVTI,
  author = {S. Fomel},
  title = {On anelliptic approximations for {qP} velocities in {VTI} media},
  journal = {Geophysical Prospecting},
  year = {2004},
  volume = {52},
  pages = {247-259},
  owner = {Administrator},
  timestamp = {2009.09.08}
}

@ARTICLE{FomelPWD,
  author = {Sergey Fomel},
  title = {Applications of plane-wave desctruction filters},
  journal = {Geophysics},
  year = {2002},
  volume = {67},
  pages = {1946-1960},
  owner = {Administrator},
  timestamp = {2009.10.15}
}

@ARTICLE{fomel:577,
  author = {Sergey Fomel and Jon F. Claerbout},
  title = {Multidimensional recursive filter preconditioning in geophysical
	estimation problems},
  journal = {Geophysics},
  year = {2003},
  volume = {68},
  pages = {577-588},
  number = {2},
  doi = {10.1190/1.1567228},
  keywords = {geophysics; geophysical techniques; inverse problems; parameter estimation;
	multidimensional digital filters; recursive filters; signal processing;
	interpolation; convergence of numerical methods},
  owner = {Administrator},
  publisher = {SEG},
  timestamp = {2009.08.23},
  url = {http://link.aip.org/link/?GPY/68/577/1}
}

@ARTICLE{fomel:U9,
  author = {Sergey Fomel and Alexey Stovas},
  title = {Generalized nonhyperbolic moveout approximation},
  journal = {Geophysics},
  year = {2010},
  volume = {75},
  pages = {U9-U18},
  number = {2},
  doi = {10.1190/1.3334323},
  keywords = {geophysical techniques; seismology},
  publisher = {SEG},
  url = {http://link.aip.org/link/?GPY/75/U9/1}
}

@ARTICLE{Fowler,
  author = {Fowler, P.J},
  title = {Practical {VTI} approximations: a systematic Anatomy,},
  journal = {Journal of Applied Geophysics},
  year = {2003},
  volume = {54},
  pages = {347-367},
  owner = {casasanta},
  timestamp = {2009.07.17}
}

@ARTICLE{Fowler2003,
  author = {P[aul] J[] Fowler},
  title = {Practical {VTI} approximations: a systematic anatomy},
  journal = {Journal of Applied Geophysics},
  year = {2003},
  volume = {54},
  pages = {347�367},
  owner = {Casasanta},
  timestamp = {2008.10.15}
}

@ARTICLE{fowler:3028,
  author = {Paul J. Fowler and Alexander Jackson and Joseph Gaffney and David
	Boreham},
  title = {Direct nonlinear traveltime inversion in layered {VTI} media},
  journal = {SEG Technical Program Expanded Abstracts},
  year = {2008},
  volume = {27},
  pages = {3028-3032},
  number = {1},
  doi = {10.1190/1.3063974},
  keywords = {anisotropy; inversion; seismic; traveltime; velocity},
  publisher = {SEG},
  url = {http://link.aip.org/link/?SGA/27/3028/1}
}

@ARTICLE{Fowler2006,
  author = {Paul J. Fowler and Alexander Jackson and Bruce Hootman},
  title = {Orthogonal parameters for anisotropic velocity analysis},
  journal = {SEG Technical Program Expanded Abstracts},
  year = {2006},
  volume = {25},
  pages = {169-173},
  number = {1},
  doi = {10.1190/1.2369850},
  owner = {Administrator},
  publisher = {SEG},
  timestamp = {2009.08.30},
  url = {http://link.aip.org/link/?SGA/25/169/1}
}

@ARTICLE{DirkRadiation,
  author = {Dirk Gajewsky},
  title = {Radiation from Point Sources in General Anisotropic Media},
  journal = {Geophysic Journal International},
  year = {1993},
  volume = {113},
  pages = {299-317},
  owner = {Administrator},
  timestamp = {2009.09.08}
}

@ARTICLE{ANRAY,
  author = {Dirk Gajewsky and Ivan P\v{s}en\v{c}\'{i}k},
  title = {Computation of high-frequency seismic wavefields in {3D} laterally
	inhomogeneous anisotropic media},
  journal = {Geophysic Journal of the Royal Astronomical Society},
  year = {1987},
  volume = {91},
  pages = {383-411},
  owner = {Administrator},
  timestamp = {2009.10.03}
}

@TECHREPORT{Giboli:1,
  author = {Matteo Giboli},
  title = {Tomografia a rifrazione},
  institution = {Politecnico di Milano, DSP(GEO)},
  year = {2009},
  owner = {casasanta},
  timestamp = {2009.07.22}
}

@ARTICLE{grechka:1079,
  author = {Vladimir Grechka and Ilya Tsvankin},
  title = {3-D description of normal moveout in anisotropic inhomogeneous media},
  journal = {Geophysics},
  year = {1998},
  volume = {63},
  pages = {1079-1092},
  number = {3},
  doi = {10.1190/1.1444386},
  owner = {casasanta},
  publisher = {SEG},
  timestamp = {2011.03.03},
  url = {http://link.aip.org/link/?GPY/63/1079/1}
}

@ARTICLE{Grechka1996,
  author = {Vladimir Y. Grechka and George A. McMechan},
  title = {{3-D} two-point ray tracing for heterogeneous, weakly transversely
	isotropic media},
  journal = {Geophysics},
  year = {1996},
  volume = {61},
  pages = {1883-1894},
  number = {6},
  doi = {10.1190/1.1444103},
  owner = {Administrator},
  publisher = {SEG},
  timestamp = {2009.08.30},
  url = {http://link.aip.org/link/?GPY/61/1883/1}
}

@ARTICLE{Guitton2003,
  author = {Antoine Guitton and William W. Symes},
  title = {Robust inversion of seismic data using the {Huber} norm},
  journal = {Geophysics},
  year = {2003},
  volume = {68},
  pages = {1310-1319},
  number = {4},
  doi = {10.1190/1.1598124},
  keywords = {seismology; data analysis; inverse problems; seismic waves; acoustic
	wave velocity; error analysis; optimisation; geophysical techniques},
  owner = {Administrator},
  publisher = {SEG},
  timestamp = {2009.08.30},
  url = {http://link.aip.org/link/?GPY/68/1310/1}
}

@TECHREPORT{Hale:2,
  author = {Dave Hale},
  title = {Local dip filtering with directional {Laplacians}},
  institution = {Center for Wave Phenomena, Colorado School of Mines},
  year = {2007},
  owner = {casasanta},
  timestamp = {2009.07.22}
}

@TECHREPORT{Hale:1,
  author = {Dave Hale},
  title = {Recursive Gaussian filters},
  institution = {Center for Wave Phenomena, Colorado School of Mines},
  year = {2006},
  owner = {casasanta},
  timestamp = {2009.07.22}
}

@ARTICLE{Harlan,
  author = {W. S. Harlan},
  title = {Regularization by model redefinition},
  year = {1995},
  owner = {casasanta},
  timestamp = {2009.07.22},
  url = {http://billharlan.com/pub/papers/regularization.pdf}
}

@ARTICLE{Hestenes1952,
  author = {M[] R[] Hestenes and E[] Steifel},
  title = {Methods of cojugate gradients for solving linear system},
  journal = {J. Res. Nat. Bur. Stds},
  year = {1952},
  volume = {49},
  pages = {409-436},
  owner = {Administrator},
  timestamp = {2008.10.27}
}

@ARTICLE{kendall,
  author = {J-M. Kendall, W. S. Guest and C. J. Thomson},
  title = {Ray Theory Green's function reciprocity and ray-centered coordinates
	in anisotropic media},
  journal = {Geophysical Journal International},
  year = {1992},
  volume = {108},
  pages = {364-371},
  owner = {Administrator},
  timestamp = {2009.08.27}
}

@ARTICLE{kumar:37,
  author = {Dhananjay Kumar and Mrinal K. Sen and Robert J. Ferguson},
  title = {Traveltime calculation and prestack depth migration in tilted transversely
	isotropic media},
  journal = {Geophysics},
  year = {2004},
  volume = {69},
  pages = {37-44},
  number = {1},
  doi = {10.1190/1.1649373},
  keywords = {seismic waves; stacking faults; motion estimation; tilt boundaries;
	timing; velocity; Fourier series},
  publisher = {SEG},
  url = {http://link.aip.org/link/?GPY/69/37/1}
}

@ARTICLE{lambare:VE25,
  author = {Gilles Lambar\'{e}},
  title = {Stereotomography},
  journal = {Geophysics},
  year = {2008},
  volume = {73},
  pages = {VE25-VE34},
  number = {5},
  doi = {10.1190/1.2952039},
  keywords = {geophysical techniques; seismology},
  publisher = {SEG},
  url = {http://link.aip.org/link/?GPY/73/VE25/1}
}

@ARTICLE{lambare:2076,
  author = {G. Lambar\'{e} and M. Alerini and R. Baina and P. Podvin},
  title = {Stereotomography : A fast approach for velocity macro-model estimation},
  journal = {SEG Technical Program Expanded Abstracts},
  year = {2003},
  volume = {22},
  pages = {2076-2079},
  number = {1},
  doi = {10.1190/1.1817742},
  publisher = {SEG},
  url = {http://link.aip.org/link/?SGA/22/2076/1}
}

@PHDTHESIS{LipariPhD,
  author = {Vincenzo Lipari},
  title = {{3D} prestack depth migration for {AVA} analysis},
  school = {Politecnico di Milano},
  year = {2002},
  owner = {Administrator},
  timestamp = {2009.09.09}
}

@ARTICLE{liu:1201,
  author = {Zhenyue Liu and Norman Bleistein},
  title = {Mathematical analysis of residual moveout and velocity analysis},
  journal = {SEG Technical Program Expanded Abstracts},
  year = {1995},
  volume = {14},
  pages = {1201-1203},
  number = {1},
  doi = {10.1190/1.1887315},
  publisher = {SEG},
  url = {http://link.aip.org/link/?SGA/14/1201/1}
}

@ARTICLE{lomask:P13,
  author = {Jesse Lomask and Antoine Guitton and Sergey Fomel and Jon Claerbout
	and Alejandro A. Valenciano},
  title = {Flattening without picking},
  journal = {Geophysics},
  year = {2006},
  volume = {71},
  pages = {P13-P20},
  number = {4},
  doi = {10.1190/1.2210848},
  keywords = {fast Fourier transforms; faulting; least squares approximations; seismology;
	data analysis; geophysical signal processing},
  publisher = {SEG},
  url = {http://link.aip.org/link/?GPY/71/P13/1}
}

@ARTICLE{Moser1991,
  author = {T[] J[] Moser},
  title = {Shortest path calculation of seismic rays},
  journal = {Geophysics},
  year = {1991},
  volume = {51},
  pages = {1954-1966},
  owner = {Casasanta},
  timestamp = {2008.10.15}
}

@BOOK{Nocedal2006,
  title = {Numerical Optimization (Springer Series in Operations Research and
	Financial Engineering)},
  publisher = {Springer},
  year = {2006},
  author = {Jorge Nocedal and Stephen Wright},
  edition = {2nd},
  month = {7},
  isbn = {9780387303031},
  owner = {Administrator},
  price = {$79.95},
  timestamp = {2008.10.25},
  totalpages = {664},
  url = {http://amazon.com/o/ASIN/0387303030/}
}

@BOOK{bleistein01,
  title = {Mathematics of Multidimensional Seismic Imaging,Migration and Inversion},
  publisher = {Springer-Verlag New York},
  year = {2001},
  author = {Norm Bleistein, J.K. Cohen and John. W. Stockwell Jr.},
  owner = {Administrator},
  timestamp = {2009.10.05}
}

@TECHREPORT{ottolini,
  author = {Richard Ottolini},
  title = {Velocity independent seismic imaging},
  institution = {Stanfor Exploration Project},
  year = {1983},
  owner = {Administrator},
  timestamp = {2009.10.10}
}

@MASTERSTHESIS{PanizzardiMSC,
  author = {J. Panizzardi},
  title = {Contributi per la tomografia sismica a riflessione in mezzi anisotropi},
  school = {Politacnico di Milano},
  year = {2007},
  owner = {Administrator},
  timestamp = {2009.09.08}
}

@MASTERSTHESIS{parks:2010,
  author = {Derek Parks},
  title = {Seismic image flattening as a linear inverse problem},
  school = {Center for Wave Phenomena, Colorado School of Mines},
  year = {2010},
  month = {January},
  owner = {lorenzmacbook},
  timestamp = {2010.07.15}
}

@ARTICLE{Pujol2007,
  author = {Jose Pujol},
  title = {The solution of nonlinear inverse problems and the {Levenberg-Marquardt}
	method},
  journal = {Geophysics},
  year = {2007},
  volume = {72},
  pages = {W1-W16},
  number = {4},
  doi = {10.1190/1.2732552},
  keywords = {gravity; inverse problems; iterative methods; geophysical techniques},
  owner = {Administrator},
  publisher = {SEG},
  timestamp = {2009.08.30},
  url = {http://link.aip.org/link/?GPY/72/W1/1}
}

@INCOLLECTION{riabinkin,
  author = {L[] A[] Riabinkin},
  title = {Fundamentals of resolving power of controlled directional reception
	{(CDR)} of seismic waves},
  booktitle = {Slant-stack processing, 1991},
  publisher = {Soc. of Expl. Geophys. (Translated and paraphrased from \emph{Prikladnaya
	Geofiizika}, \textbf{16}, 3-36)},
  year = {1957},
  editor = {L[] Lu},
  pages = {36-60}
}

@ARTICLE{rieber:97,
  author = {F. Rieber},
  title = {A NEW REFLECTION SYSTEM WITH CONTROLLED DIRECTIONAL SENSITIVITY},
  journal = {Geophysics},
  year = {1936},
  volume = {1},
  pages = {97-106},
  number = {1},
  doi = {10.1190/1.1437082},
  publisher = {SEG},
  url = {http://link.aip.org/link/?GPY/1/97/1}
}

@ARTICLE{roganov,
  author = {Y[] Roganov and A[] Stovas},
  title = {Caustics in a periodically layered transversely isotropic medium
	with vertical symmetry axis},
  journal = {Geophysical Prospecting},
  year = {2011},
  pages = {DOI: 10.1111/j.1365-2478.2010.00924.x}
}

@ARTICLE{sarkar:2016,
  author = {Debashish Sarkar and Ilya Tsvankin},
  title = {Analysis of image gathers in factorized {VTI} media},
  journal = {Geophysics},
  year = {2003},
  volume = {68},
  pages = {2016-2025},
  number = {6},
  doi = {10.1190/1.1635055},
  keywords = {seismology; Earth structure; acoustic imaging; image processing; inhomogeneous
	media; seismic waves; acoustic wave velocity; acoustic wave reflection},
  owner = {Administrator},
  publisher = {SEG},
  timestamp = {2009.08.23},
  url = {http://link.aip.org/link/?GPY/68/2016/1}
}

@UNPUBLISHED{Shewchuk1994,
  author = {Jonathan Richard Shewchuk},
  title = {An Introduction to the Conjugate Gradient Method Without the Agonizing
	Pain},
  month = {August},
  year = {1994},
  owner = {Casasanta},
  timestamp = {2008.10.30},
  url = {http://www.cs.cmu.edu/~quake-papers/painless-conjugate-gradient.pdf}
}

@ARTICLE{silsen,
  author = {Samik Sil and Mrinal Sen},
  title = {Azimuthal $\tau$-$p$ analysis in anisotropic media},
  journal = {Geophysical Journal International},
  year = {2008},
  volume = {175},
  pages = {587-597},
  number = {2}
}

@ARTICLE{siliqi:2245,
  author = {Risto Siliqi and Nicolas Bousqui\'{e}},
  title = {Anelliptic time processing based on a shifted hyperbola approach},
  journal = {SEG Technical Program Expanded Abstracts},
  year = {2000},
  volume = {19},
  pages = {2245-2248},
  number = {1},
  doi = {10.1190/1.1815902},
  publisher = {SEG},
  url = {http://link.aip.org/link/?SGA/19/2245/1}
}

@ARTICLE{Siliqi2007,
  author = {R. Siliqi and P. Herrmann and A. Prescott and L. Capar},
  title = {High-order {RMO} picking using uncorrelated parameters},
  journal = {SEG Technical Program Expanded Abstracts},
  year = {2007},
  volume = {26},
  pages = {2772-2776},
  number = {1},
  doi = {10.1190/1.2793043},
  owner = {Administrator},
  publisher = {SEG},
  timestamp = {2009.08.30},
  url = {http://link.aip.org/link/?SGA/26/2772/1}
}

@ARTICLE{Siliqi2003,
  author = {R. Siliqi and D. Le Meur and F. Gamar and L. Smith and J. P. Tour\'{e}
	and P. Herrmann},
  title = {High-density moveout parameter fields {V} and eta. {Part} one: {Simultaneous}
	automatic picking},
  journal = {SEG Technical Program Expanded Abstracts},
  year = {2003},
  volume = {22},
  pages = {2088-2091},
  number = {1},
  doi = {10.1190/1.1817745},
  owner = {Administrator},
  publisher = {SEG},
  timestamp = {2009.08.30},
  url = {http://link.aip.org/link/?SGA/22/2088/1}
}

@ARTICLE{Spagnolini1998,
  author = {U[] Spagnolini and S[] Grion},
  title = {Shape parameter estimation of wavefronts with known waveform},
  journal = {Signal Processing},
  year = {1998},
  volume = {68},
  pages = {233-257},
  month = {August},
  doi = {doi:10.1016/S0165-1684(98)00075-9},
  owner = {Administrator},
  timestamp = {2008.10.31}
}

@ARTICLE{Spagnolini1993,
  author = {Umberto Spagnolini and L. Macciotta and A. Manni},
  title = {Velocity analysis by truncated singular value decomposition},
  journal = {SEG Technical Program Expanded Abstracts},
  year = {1993},
  volume = {12},
  pages = {677-680},
  number = {1},
  doi = {10.1190/1.1822586},
  owner = {Administrator},
  publisher = {SEG},
  timestamp = {2009.08.30},
  url = {http://link.aip.org/link/?SGA/12/677/1}
}

@ARTICLE{spitz:785,
  author = {S. Spitz},
  title = {Seismic trace interpolation in the {F-X} domain},
  journal = {Geophysics},
  year = {1991},
  volume = {56},
  pages = {785-794},
  number = {6},
  doi = {10.1190/1.1443096},
  publisher = {SEG},
  url = {http://link.aip.org/link/?GPY/56/785/1}
}

@ARTICLE{stovas:2506,
  author = {A. Stovas},
  title = {Direct {Dix}-type inversion in a layered {VTI} medium},
  journal = {SEG Technical Program Expanded Abstracts},
  year = {2009},
  volume = {28},
  pages = {2506-2510},
  number = {1},
  doi = {10.1190/1.3255365},
  keywords = {anisotropy; converted wave; traveltime},
  publisher = {SEG},
  url = {http://link.aip.org/link/?SGA/28/2506/1}
}

@ARTICLE{stovas:253,
  author = {A. Stovas and S. Fomel},
  title = {The generalized non-elliptic moveout approximation in the tau-p domain},
  journal = {SEG Technical Program Expanded Abstracts},
  year = {2010},
  volume = {29},
  pages = {253-257},
  number = {1},
  doi = {10.1190/1.3513367},
  keywords = {NMO; processing; ray tracing; traveltime; velocity},
  owner = {casasanta},
  publisher = {SEG},
  timestamp = {2011.03.03},
  url = {http://link.aip.org/link/?SGA/29/253/1}
}

@ARTICLE{Stovas:SEG2010,
  author = {Stovas, A. and Fomel, S.},
  title = {The generalized non-elliptic moveout approximation in the $\tau$-$p$
	domain},
  journal = {SEG Technical Program Expanded Abstracts},
  year = {2010},
  pages = {253-257},
  number = {1},
  doi = {10.1190/1.1822586},
  owner = {Administrator},
  publisher = {SEG},
  timestamp = {2009.08.30},
  url = {http://link.aip.org/link/?SGA/12/677/1}
}

@ARTICLE{Stovas2009,
  author = {Stovas, A. and Roganov Y.},
  title = {Slowness surface approximations for qSV-waves in transversely isotropic
	media},
  journal = {Geophysical Pr},
  year = {2009},
  volume = {57},
  pages = {1-11},
  doi = {10.1111/j.1365-2478.2008.00728.x},
  owner = {lorenzmacbook},
  timestamp = {2010.07.08}
}

@PHDTHESIS{Sword.sepphd.55,
  author = {Ch[arles] H[] Sword},
  title = { Tomographic Determination of Interval Velocities from Reflection
	Seismic Data: The Method of Controlled Directional Reception},
  school = {Stanford University},
  year = {1987},
  booktitle = {SEP-55},
  classification = {VELOCITY INVERSE},
  url = {http://sepwww.stanford.edu/oldreports/sep55/index.html}
}

@ARTICLE{taner:859,
  author = {M. Turhan Taner and Fulton Koehler},
  title = {VELOCITY SPECTRA---DIGITAL COMPUTER DERIVATION APPLICATIONS OF VELOCITY
	FUNCTIONS},
  journal = {Geophysics},
  year = {1969},
  volume = {34},
  pages = {859-881},
  number = {6},
  doi = {10.1190/1.1440058},
  publisher = {SEG},
  url = {http://link.aip.org/link/?GPY/34/859/1}
}

@BOOK{Tarantola2001,
  title = {Inverse Problem Theory and Methods for Model Parameter Estimation},
  publisher = {SIAM},
  year = {2001},
  author = {Tarantola, A. },
  owner = {Administrator},
  timestamp = {2009.08.30}
}

@ARTICLE{Thomsen1986,
  author = {L[eon] Thomsen},
  title = {Weak elastic anisotropy},
  journal = {Geophysics},
  year = {1986},
  volume = {51},
  pages = {1954-1966},
  owner = {Casasanta},
  timestamp = {2008.10.15}
}

@ARTICLE{Tikhonov1943,
  author = {A[] N[] Tikhonov},
  title = {On the stability of inverse problems},
  journal = {Dokl. Akad. Nauk SSSR},
  year = {1943},
  volume = {39},
  pages = {195-198},
  number = {5},
  owner = {Casasanta},
  timestamp = {2008.10.28}
}

@BOOK{ilyabook2006,
  title = {Seismic signatures and analysis of reflection data in anisotropic
	media},
  publisher = {Elsevier},
  year = {2006},
  author = {Ilya Tsvankin},
  timestamp = {2009.08.24}
}

@ARTICLE{tsvankin:268,
  author = {Ilya Tsvankin},
  title = {Normal moveout from dipping reflectors in anisotropic media},
  journal = {Geophysics},
  year = {1995},
  volume = {60},
  pages = {268-284},
  number = {1},
  doi = {10.1190/1.1443755},
  publisher = {SEG},
  url = {http://link.aip.org/link/?GPY/60/268/1}
}

@ARTICLE{tsvankin:75A15,
  author = {Ilya Tsvankin and James Gaiser and Vladimir Grechka and Mirko van
	der Baan and Leon Thomsen},
  title = {Seismic anisotropy in exploration and reservoir characterization:
	An overview},
  journal = {Geophysics},
  year = {2010},
  volume = {75},
  pages = {75A15-75A29},
  number = {5},
  doi = {10.1190/1.3481775},
  keywords = {data acquisition; geophysical image processing; geophysical prospecting;
	hydrocarbon reservoirs; seismic waves; seismology},
  publisher = {SEG},
  url = {http://link.aip.org/link/?GPY/75/75A15/1}
}

@ARTICLE{tsvankin:1095,
  author = {Ilya Tsvankin and Leon Thomsen},
  title = {Inversion of reflection traveltimes for transverse isotropy},
  journal = {Geophysics},
  year = {1995},
  volume = {60},
  pages = {1095-1107},
  number = {4},
  doi = {10.1190/1.1443838},
  publisher = {SEG},
  url = {http://link.aip.org/link/?GPY/60/1095/1}
}

@ARTICLE{Um1987,
  author = {J[] Um and C[] Thurber},
  title = {A fast algorithm for two-point seismic ray tracing},
  journal = {BSSA},
  year = {1987},
  volume = {77},
  pages = {972-986},
  number = {3},
  owner = {Casasanta},
  timestamp = {2008.10.15}
}

@ARTICLE{ursin:D23,
  author = {Bj\orn Ursin and Alexey Stovas},
  title = {Traveltime approximations for a layered transversely isotropic medium},
  journal = {Geophysics},
  year = {2006},
  volume = {71},
  pages = {D23-D33},
  number = {2},
  doi = {10.1190/1.2187716},
  keywords = {seismic waves; geophysical techniques},
  publisher = {SEG},
  url = {http://link.aip.org/link/?GPY/71/D23/1}
}

@ARTICLE{vinje:1157,
  author = {Vetle Vinje and Einar Iversen and H\aa var Gj\o ystdal*},
  title = {Traveltime and amplitude estimation using wavefront construction},
  journal = {Geophysics},
  year = {1993},
  volume = {58},
  pages = {1157-1166},
  number = {8},
  doi = {10.1190/1.1443499},
  publisher = {SEG},
  url = {http://link.aip.org/link/?GPY/58/1157/1}
}

@ARTICLE{grechka:1999,
  author = {Vladimir Grechka, Ilya Tsvankin and Jack K. Cohen},
  title = {Generalized Dix equation and analytical treatment of normal-moveout
	velocity for anisotropic media},
  journal = {Geophisical Prospecting},
  year = {1999},
  volume = {47},
  pages = {117-148},
  owner = {casasanta},
  timestamp = {2011.01.07}
}

@ARTICLE{wang:WB117,
  author = {Xiaoxiang Wang and Ilya Tsvankin},
  title = {Estimation of interval anisotropy parameters using velocity-independent
	layer stripping},
  journal = {Geophysics},
  year = {2009},
  volume = {74},
  pages = {WB117-WB127},
  number = {5},
  doi = {10.1190/1.3157462},
  keywords = {geophysical techniques; hydrocarbon reservoirs; rocks; seismic waves;
	seismology},
  publisher = {SEG},
  url = {http://link.aip.org/link/?GPY/74/WB117/1}
}

@ARTICLE{wolf:2423,
  author = {Kevin Wolf and Daniel Rosales and Antoine Guitton and Jon Claerbout},
  title = {Robust moveout without velocity picking},
  journal = {SEG Technical Program Expanded Abstracts},
  year = {2004},
  volume = {23},
  pages = {2423-2426},
  number = {1},
  doi = {10.1190/1.1845230},
  publisher = {SEG},
  url = {http://link.aip.org/link/?SGA/23/2423/1}
}

@BOOK{yilmaz,
  title = {Seismic data analysis},
  publisher = {SEG},
  year = {2000},
  author = {Oz Yilmaz},
  owner = {Administrator},
  timestamp = {2009.10.08}
}

@ARTICLE{zhou:650,
  author = {Hongbo Zhou and Don Pham and Samuel Gray and Bin Wang},
  title = {{3-D} tomographic velocity analysis in transversely isotropic media},
  journal = {SEG Technical Program Expanded Abstracts},
  year = {2003},
  volume = {22},
  pages = {650-653},
  number = {1},
  doi = {10.1190/1.1818014},
  publisher = {SEG},
  url = {http://link.aip.org/link/?SGA/22/650/1}
}

@ARTICLE{Zhou2005,
  author = {L[] Zhou and S[] A[] Greenhalgh},
  title = {Shortest path ray tracing for most general {2D}/{3D} anisotropic
	media},
  journal = {J. of Geophys. Eng.},
  year = {2005},
  volume = {2},
  pages = {56-63},
  owner = {Casasanta},
  timestamp = {2008.10.15}
}

@ARTICLE{zhu:S133,
  author = {Tianfei Zhu and Samuel H. Gray and Daoliu Wang},
  title = {Prestack {Gaussian}-beam depth migration in anisotropic media},
  journal = {Geophysics},
  year = {2007},
  volume = {72},
  pages = {S133-S138},
  number = {3},
  doi = {10.1190/1.2711423},
  keywords = {anisotropic media; inhomogeneous media; rocks; wave equations; ray
	tracing; geophysical techniques; seismology; seismic waves},
  publisher = {SEG},
  url = {http://link.aip.org/link/?GPY/72/S133/1}
}

@comment{jabref-meta: selector_publisher:}

@comment{jabref-meta: selector_author:}

@comment{jabref-meta: selector_journal:}

@comment{jabref-meta: selector_keywords:}

