@Article{james,
  author = 	 {J[] Rickett and P[] Sava},
  title = 	 {Offset and angle-domain common image point gathers for shot-profile migration},
  journal = 	 {Geophysics},
  year = 	 2002,
  volume =	 67,
  pages =	 {883-889}
}

@Article{paul,
  author = 	 {P[] Sava and S[] Fomel},
  title = 	 {Angle-domain common-image gathers by wavefield continuation methods},
  journal = 	 {Geophysics},
  year = 	 2003,
  volume =	 68,
  number =	 3
}

@incollection{wu,
	   author = {X[] B[] Xie and R[] S[] Wu},
	   booktitle = {72nd Ann. Internat. Mtg, Soc. Expl. Geophys., Expanded Abstracts},
	   pages = {1360-1363},
	   publisher = {Soc. of Expl. Geophys.},
	   title = {Extracting angle domain information from migrated wavefield},
	   year = {2002}
	}

@incollection{stork,
	   author = {C[] Stork and P[] Kitchenside and D[] Yingst and U[] Albertin and C[] Kostov and B[] Wilson and D[] Watts and J[] Kapoor and G[] Brown},  
	   booktitle = {72nd Ann. Internat. Mtg, Soc. Expl. Geophys., Expanded Abstracts},
	   pages = {1200-1203},
	   publisher = {Soc. of Expl. Geophys.},
	   title = {Comparison between angle and offset gathers from wave equation migration and {Kirchhoff} migration},
	   year = {2002}
	}

@Article{new,
  author = 	 {B[] Biondi and W[] Symes},
  title = 	 {Angle-domain common-image gathers for migration velocity analysis by wavefield-continuation methods},
  journal = 	 {Geophysics},
  volume = {69},
  pages = {1283-1298},
  year = 	 2004
}

@incollection{newseg,
	   author = {B[] Biondi and T[] Tisserant and W[] Symes},
	   booktitle = {73rd Ann. Internat. Mtg, Soc. Expl. Geophys., Expanded Abstracts},
	   publisher = {Soc. of Expl. Geophys.},
	   title = {Wavefield-continuation angle-domain common-image gathers for migration velocity analysis},
	   year = {2003}
	}

@incollection{goldin,
	   author = {S[ergey] V[] Goldin},
	   booktitle = {72nd Ann. Internat. Mtg, Soc. Expl. Geophys., Expanded Abstracts},
	   pages = {2333-2336},
	   publisher = {Soc. of Expl. Geophys.},
	   title = {Theoretical aspects of {3-D} {DMO}},
	   year = {2002}
}

@incollection{symes,
	   author = {C[] C[] Stolk and W[] W[] Symes},
	   booktitle = {72nd Ann. Internat. Mtg, Soc. Expl. Geophys., Expanded Abstracts},
	   pages = {1129-1132},
	   publisher = {Soc. of Expl. Geophys.},
	   title = {Artifacts in {Kirchhoff} common image gathers},
	   year = {2002}
}

@Article{xu,
  author = 	 {S[] Xu and H[] Chauris and G[] Lambar\'{e} and M[] Noble},
  title = 	 {Common-angle migration: {A} strategy for imaging complex media},
  journal = 	 {Geophysics},
  year = 	 2001,
  volume =	 66,
  number =	 6,
  pages =	 {1877-1894}
}

@Article{hoop,
  author = 	 {S[] Brandsberg-Dahl and M[] V[] de~Hoop and B[] Ursin},
  title = 	 {Focusing in dip and {AVA} compensation on scattering-angle/azimuth common image gathers},
  journal = 	 {Geophysics},
  year = 	 2003,
  volume =	 68,
  pages =	 {232-254}
}

@Article{stolk,
  author = 	 {C[] Stolk and M[] V[] de~Hoop},
  title = 	 {Seismic inverse scattering in the downward continuation approach},
  journal = 	 {Wave Motion},
  year = 	 2006,
  volume =	 43,
  pages =	 {579-598}
}

@incollection{naraz,
	   author = {B[] Biondi},
	   booktitle = {73rd Ann. Internat. Mtg, Soc. Expl. Geophys., Expanded Abstracts},
	   publisher = {Soc. of Expl. Geophys.},
	   title = {Narrow-azimuth migration of marine streamer data},
	   year = {2003}
	}

@Article{symes2,
  author = 	 {C[] C[] Stolk and W[] W[] Symes},
  title = 	 {Kinematic artifacts in prestack depth migration},
  journal = 	 {Geophysics},
  year = 	 2004,
  volume =	 69,
  pages =	 {562-575}
}

@Article{biondianis,
  author = 	 {B[] Biondi},
  title = 	 {Angle-domain common-image gathers from anisotropic migration},
  journal = 	 {Geophysics},
  year = 	 2007,
  volume =	 72,
  pages =	 {581-591}
}

@ARTICLE{tariq-lat,
  author  = {T[ariq] Alkhalifah and S[ergey] Fomel and B[iondo] Biondi},
  title   = {The space-time domain:theory and modelling for anisotropic media},
  journal = {Geophysical Journal International},
  volume  = {144},
  pages   = {105-113},
  year    = {2001}
  }

@ARTICLE{tariq-sava,
  author  = {T[ariq] Alkhalifah and P[aul] Sava},
  title   = {A transversely isotropic medium with a tilted symmetry axis normal to the reflector},
  journal = {Geophysics},
  volume  = {75},
  pages   = {A18-A24},
  year    = {2010}
  }
@incollection{coord,
	   author = {P[] C[] Sava and S[] Fomel},
	   booktitle = {75th Ann. Internat. Mtg, Soc. Expl. Geophys., Expanded Abstracts},
	   publisher = {Soc. of Expl. Geophys.},
	   title = {Coordinate-independent
  angle-gathers for wave equation migration},
           pages={2052-2055},
	   year = {2005}
	}