@Book{chapman,
  author = {C[] Chapman},
  title = {Fundamentals of seismic wave propagation},
  publisher = {Cambridge University Press},
  year = 2004
}
@Article{kim,
  author = {S[] Kim},
  title = {An {$O(N)$} level set method for eikonal equations},
  journal = {SIAM Journal on Scientific Computing},
  year = 2001,
  volume = 22,
  pages = {2178-2193}
}
@Article{jeong,
  author = {W[] Jeong and R[] T[] Whitaker},
  title = {A fast iterative method for eikonal equations},
  journal = {SIAM Journal on Scientific Computing},
  year = 2008,
  volume = 30,
  pages = {2512-2534}
}
@Article{chacon,
  author = {A[] Chacon and A[] Vladimirsky},
  title = {Fast two-scale methods for eikonal equations},
  journal = {SIAM Journal on Scientific Computing},
  year = 2012,
  volume = 34,
  pages = {A547-A578}
}
@Article{alkhalifah1,
  author = {T[] Alkhalifah and S[] Fomel},
  title = {Implementing the fast marching eikonal solver: spherical versus {C}artesian coordinates},
  journal = {Geophysical Prospecting},
  year = 2001,
  volume = 49,
  pages = {165-178}
}
@Article{chopp,
  author = {D[] L[] Chopp},
  title = {Some improvements of the fast marching method},
  journal = {SIAM Journal on Scientific Computing},
  year = 2001,
  volume = 23,
  pages = {230-244}
}
@Article{qian,
  author = {J[] Qian and W[] W[] Symes},
  title = {An adaptive finite-difference method for traveltimes and amplitudes},
  journal = {Geophysics},
  year = 2002,
  volume = 67,
  pages = {167-176}
}
@Article{bevc,
  author = {D[] Bevc},
  title = {Imaging complex structures with semirecursive {K}irchhoff migration},
  journal = {Geophysics},
  year = 1997,
  volume = 62,
  pages = {577-588}
}
@Article{fomel1,
  author = {S[] Fomel and J[] A[] Sethian},
  title = {Fast phase-space computation of multiple arrivals},
  journal = {Proceedings of the National Academy of Sciences},
  year = 2002,
  volume = 99,
  pages = {7329-7334}
}
@Article{symes,
  author = {W[] W[] Symes and J[] Qian},
  title = {A slowness matching {E}ulerian method for multivalued solutions of eikonal equations},
  journal = {Journal of Scientific Computing},
  year = 2003,
  volume = 19,
  pages = {501-526}
}
@Article{vidale,
  author = {J[] E[] Vidale},
  title = {Finite-difference calculation of traveltimes},
  journal = {Bull. Seis. Soc. Am.},
  year = 1988,
  volume = 6,
  pages = {2062-2076}
}
@Article{trier,
  author = {J[] {v}an Trier and W[] W[] Symes},
  title = {Upwind finite-difference calculation of traveltimes},
  journal = {Geophysics},
  year = 1991,
  volume = 56,
  pages = {812-821}
}
@Article{podvin,
  author = {P[] Podvin and I[] Lecomte},
  title = {Finite Difference Computation of Traveltimes in Very
           Contrasted Velocity Models:  A Massively Parallel Approach
           and its Associated Tools},
  journal = {Geophysical Journal International},
  year = 1991,
  volume = 105,
  pages = {271--284}
}
@article{zhao,
  author = {H[] K[] Zhao},
  title = {{A fast sweeping method for eikonal equations}},
  journal = {Mathematics of Computation},
  year = 2005,
  volume = 74,
  pages = {603-627}
}
@Book{sethian1,
  author = {J[] A[] Sethian},
  title = {Level set methods: {E}volving interfaces in geometry, fluid mechanics, computer vision, and materials science},
  publisher = {Cambridge University Press},
  year = 1996
}
@Article{sethian2,
  author = {J[] A[] Sethian and A[] M[] Popovici},
  title = {3-{D} imaging using higher order fast marching traveltimes},
  journal = {Geophysics},
  year = 1999,
  volume = 64,
  pages = {516-523}
}
@Article{geoltrain,
  author = {S[] Geoltrain and J[] Brac},
  title = {Can we image complex structures with first-arrival traveltime?},
  journal = {Geophysics},
  year = 1993,
  volume = 58,
  pages = {564-575}
}
@Article{aldridge,
  author = {D[] F[] Aldridge},
  title = {Linearization of the eikonal equation (short note)},
  journal = {Geophysics},
  year = 1994,
  volume = 59,
  pages = {1631-1632}
}
@Article{alkhalifah2,
  author = {T[] Alkhalifah},
  title = {Traveltime computation with the linearized eikonal equation for anisotropic media},
  journal = {Geophysical Prospecting},
  year = 2002,
  volume = 50,
  pages = {373-382}
}
@ARTICLE{zhu,
  author = {X[] Zhu and D[] P[] Sixta and B[] G[] Angstman},
  title = {Tomostatics: turning-ray tomography + static corrections},
  journal = {The Leading Edge},
  year = {1992},
  volume = {11},
  pages = {15-23}
}
@ARTICLE{sei,
  author = {A[] Sei and W[] Symes},
  title = {Gradient calculation of the traveltime cost function without ray tracing},
  journal = {64th Ann. Internat. Mtg., Soc. Expl. Geophys.},
  year = {1994},
  pages = {1351-1354}
}
@ARTICLE{taillandier,
  author = {C[] Taillandier and M[] Noble and H[] Chauris and H[] Calandra},
  title = {First-arrival traveltime tomography based on the adjoint-state method},
  journal = {Geophysics},
  year = {2009},
  volume = {74},
  pages = {WCB57-WCB66}
}
@ARTICLE{abma,
  author = {R[] Abma and J[] Sun and N[] Bernitsas},
  title = {Antialiasing methods in {Kirchhoff} migration},
  journal = {Geophysics},
  year = {1999},
  volume = {64},
  pages = {1783-1792}
}
@Article{fomel2,
  author = {S[] Fomel},
  title = {Antialiasing of {K}irchhoff operators by reciprocal parameterization},
  journal = {Journal of Seismic Exploration},
  year = 2002,
  volume = 10,
  pages = {293-310}
}
@Article{fomel3,
  author = {S[] Fomel},
  title = {On anelliptic approximations for q{P} velocities in {VTI} media},
  journal = {Geophysical Prospecting},
  year = 2004,
  volume = 52,
  pages = {247-259}
}
@Article{alkhalifah3,
  author = {T[] Alkhalifah and S[] Fomel},
  title = {An eikonal based formulation for traveltime perturbation with respect to the source location},
  journal = {Geophysics},
  year = 2010,
  volume = 75,
  issue = 6,
  pages = {T175-T183}
}
@Article{franklin,
  author = {J[] B[] Franklin and J[] M[] Harris},
  title = {A high-order fast marching scheme for the linearized eikonal equation},
  journal = {Journal of Computational Acoustics},
  year = 2001,
  volume = 9,
  pages = {1095-1109}
}
@Book{slotnick,
  author = {M[] M[] Slotnick},
  title = {Lessons in Seismic Computing},
  publisher = {Society of Exploration Geophysics},
  year = 1959
}
@Article{versteeg,
  author = {R[] Versteeg},
  title = {The {M}armousi experience: {V}elocity model determination on a synthetic complex data set},
  journal = {The Leading Edge},
  year = 1994,
  volume = 13,
  pages = {927-936}
}
@Book{press,
  author = {W[] H[] Press and S[] A[] Teukolsky and W[] T[] Vetterling and B[] P[] Flannery},
  title = {Numerical Recipes: The Art of Scientific Computing},
  publisher = {Cambridge University Press},
  year = 2007
}
@Article{alkhalifah4,
  author = {T[] Alkhalifah},
  title = {Traveltime computation with the linearized eikonal equation for anisotropic media},
  journal = {Geophysical Prospecting},
  year = 2002,
  volume = 50,
  pages = {373-382}
}
@Article{alkhalifah5,
  author = {T[] Alkhalifah},
  title = {Efficient traveltime compression for 3-{D} prestack {K}irchhoff migration},
  journal = {Geophysical Prospecting},
  year = 2011,
  volume = 59,
  pages = {1-9}
}
@ARTICLE{hill1,
  author = {N[] R[] Hill},
  title = {Gaussian beam migration},
  journal = {Geophysics},
  year = {1990},
  volume = {55},
  pages = {1416-1428}
}
@ARTICLE{hill2,
  author = {N[] R[] Hill},
  title = {Prestack {G}aussian beam depth migration},
  journal = {Geophysics},
  year = {2001},
  volume = {66},
  pages = {1240-1250}
}
@ARTICLE{gray,
  author = {S[] H[] Gray},
  title = {Gaussian beam migration of common-shot records},
  journal = {Geophysics},
  year = {2005},
  volume = {70},
  pages = {S71-S77}
}
@ARTICLE{lumley,
  author = {D[] E[] Lumley and J[] F[] Claerbout and D[] Bevc},
  title = {Anti-aliased {K}irchhoff 3-{D} migration},
  journal = {64th Annual International Meetings, SEG Expanded Abstracts},
  year = {1994},
  pages = {1282-1285}
}
@ARTICLE{pei,
  author = {S[] C[] Pei and P[] H[] Wang},
  title = {Closed-form design of maximally flat {FIR} {H}ilbert transformers, 
differentiators, and fractional delayers by power series expansion},
  journal = {IEEE Trans. on Circuits and Systems},
  year = {2001},
  volume = {48},
  pages = {389-398}
}
@Article{engquist,
  author = {B[] Engquist and O[] Runborg},
  title = {Multi-phase computations in geometrical optics},
  journal = {Journal of Computational and Applied Mathematics},
  year = 1996,
  volume = 74,
  pages = {175-192}
}
@Article{vanelle,
  author = {C[] Vanelle and D[] Gajewski},
  title = {Second-order interpolation of traveltimes},
  journal = {Geophysical Prospecting},
  year = 2002,
  volume = 50,
  pages = {73-83}
}
@Article{vanelle2,
  author = {C[] Vanelle and M[] Spinner and T[] Hertweck and C[] J\"{a}ger and D[] Gajewski},
  title = {Traveltime-based true-amplitude migration},
  journal = {Geophysics},
  year = 2006,
  volume = 71,
  issue = 6,
  pages = {S251-S259}
}
@Article{mendes,
  author = {M[] Mendes},
  title = {Green's function interpolation for prestack imaging},
  journal = {Geophysical Prospecting},
  year = 2000,
  volume = 48,
  pages = {49-62}
}
@Article{biondi,
  author = {B[] Biondi},
  title = {Kirchhoff imaging beyond aliasing},
  journal = {Geophysics},
  year = 2001,
  volume = {66},
  pages = {654-666}
}
@Article{albertin,
  author = {U[] Albertin and D[] Yingst and P[] Kitchenside and V[] Tcheverda},
  title = {True-amplitude Beam Migration},
  journal = {68th Annual International Meetings, SEG Expanded Abstracts},
  year = 2004,
  pages = {949-952}
}
@Article{sava,
  author = {P[] Sava and S[] Fomel},
  title = {Huygens wavefront tracing: {A} robust alternative to ray tracing},
  journal = {62nd Annual International Meetings, SEG Expanded Abstracts},
  year = {1998},
  pages = {1961-1964}
}
@Article{ursin,
  author = {B[] Ursin},
  title = {Quadratic wavefront and traveltime approximations in inhomogeneous layered media with curved interfaces},
  journal = {Geophysics},
  year = 1982,
  volume = {47},
  pages = {1012-1021}
}
@Article{bortfeld,
  author = {R[] Bortfeld},
  title = {Geometrical ray theory: rays and traveltimes in seismic systems (second-order approximation of traveltimes)},
  journal = {Geophysics},
  year = 1989,
  volume = {54},
  pages = {342-349}
}
@Article{xu,
  author = {S[] Xu and H[] Chauris and G[] Lambar\'{e} and M[] Noble},
  title = {Common-angle migration: {A} strategy for imaging complex media},
  journal = {Geophysics},
  year = 2001,
  volume = {66},
  pages = {1877-1894}
}
@Article{qian,
  author = {J[] Qian and W[] W[] Symes},
  title = {An adaptive finite-difference method for traveltimes and amplitudes},
  journal = {Geophysics},
  year = 2002,
  volume = {67},
  pages = {167-176}
}
@Book{cerveny,
  author = {V[] \v{C}erven\'{y}},
  title = {Seismic Ray Theory},
  publisher = {Cambridge University Press},
  year = 2001
}
@Article{pica,
  author = {A[] Pica},
  title = {Fast and accurate finite-differences solutions of the 3D eikonal equation parametrized in celerity},
  journal = {67th Ann. Internat. Mtg., Soc. Expl. Geophys.},
  year = 1998,
  pages = {1774-1777}
}
@Article{nichols,
  author = {D[] E[] Nichols},
  title = {Imaging complex structures using band-limited {G}reen's functions},
  journal = {PhD thesis, Stanford University},
  year = 1994
}
@Article{fomel4,
  author = {S[] Fomel and S[] Luo and H[] Zhao},
  title = {Fast sweeping method for the factored eikonal equation},
  journal = {Journal of Computational Physics},
  year = 2009,
  volume = {228},
  pages = {6440-6455}
}
@Article{dellinger,
  author = {J[] A[] Dellinger and S[] H[] Gray and G[] E[] Murphy and J[] T[] Etgen},
  title = {Efficient 2.5-{D} true-amplitude migration},
  journal = {Geophysics},
  year = 2000,
  volume = {65},
  pages = {943-950}
}
