@book{fgdp,
   author = {J[on] F[] Claerbout},
   publisher = {Blackwell},
   title = {Fundamentals of Geophysical Data Processing},
   year = {1976}
}

@Book{iei,
  author =       {J. F. Claerbout},
  title =        {Imaging the {Earth}'s Interior},
  publisher =    {Blackwell Scientific Publications},
  year =         1985
}		  

@PHDTHESIS{scthesis,
         school={Stanford University},
         author={S[teve] Cole},
         title={Passive seismic and drill-bit experiments using 2-{D} arrays},
         year={1995},
         volume={86},
         classification={ },
         comment=""
        }




