@inproceedings{Albertin99,
  author =	 {U[] Albertin and H[] Jaramillo and D[] Yingst and R[] Bloor and W[] Chang and C[] Beasley and E[] Mobley},
  title = 	 {Aspects of true amplitude migration},
  booktitle =    {69th Annual International Meeting},
  year = 	 {1999},
  publisher =    {SEG, Expanded Abstracts},
  pages =        {1358-1361}
}

@Article{Andrews76,
  author = 	 {H[] C[] Andrews and C[] L[] Patterson},
  title = 	 {Singular value decomposition and digital image processing},
  journal = 	 {IEEE Transactions on Acoustics, Speech, and Signal Processing},
  year = 	 1976,
  volume =	 24,
  pages =	 {26-53}
}

@Article{Audebert05,
  author = 	 {F[] L[] Audebert and P[] Froidevaux},
  title = 	 {Regularization of illumination in angle domains -- A key to true amplitude migration},
  journal = 	 {The Leading Edge},
  year = 	 2005,
  volume =	 24,
  pages =	 {643-654}
}

@Article{Chang96,
  author = 	 {X[] W[] Chang and Y[] J[] Guang and C[] M[] Zhang and G[] Q[] Xu},
  title = 	 {Stacking based on correlation saving frequency},
  journal = 	 {OilGeophysics Prospecting (in Chinese)},
  year = 	 1996,
  volume =	 31,
  pages =	 {110-113}
}

@Book{Claerbout05,
  author =	 {J[on] F[] Claerbout},
  title = 	 {Basic {Earth} Imaging},
  publisher = 	 {Stanford Exploration Project, 
                 \texttt{http://sepwww.stanford.edu/sep/prof/}},
  year = 	 2005
}

@Article{Donoho95,
  author = 	 {D[] L[] Donoho},
  title = 	 {De-noising by soft-thresholding},
  journal = 	 {IEEE Transactions on Information Theory},
  year = 	 1995,
  volume =	 41,
  pages =	 {613-627}
}

@Article{Fomel07a,
  author = 	 {S[ergey] Fomel},
  title = 	 {Shaping regularization in geophysical-estimation problems},
  journal = 	 {Geophysics},
  year = 	 2007,
  volume =	 72,
  pages =	 {R29-R36}
}

@Article{Fomel07b,
  author = 	 {S[ergey] Fomel},
  title = 	 {Local seismic attributes},
  journal = 	 {Geophysics},
  year = 	 2007,
  volume =	 72,
  pages =	 {A29-A33}
}

@inproceedings{Fomel05,
  author =	 {S[] Fomel and M[] Backus and K[] Fouad and B[] Hardage and G[] Winters},
  title = 	 {Amultistep approach to multicomponent seismic image registration with application to a {West} Texas carbonate reservoir study},
  booktitle =    {75th Annual International Meeting},
  year = 	 {2005},
  publisher =    {SEG, Expanded Abstracts},
  pages =        {1018-1021}
}

@inproceedings{Fomel07,
  author =	 {S[] Fomel and L[] Jin},
  title = 	 {Time-lapse image registration using the local similarity attribute},
  booktitle =    {77th Annual International Meeting},
  year = 	 {2007},
  publisher =    {SEG, Expanded Abstracts},
  pages =        {2979-2983}
}

@Article{Freire88,
  author = 	 {S[] L[] M[] Freire and T[] J[] Ulrych},
  title = 	 {Application of singular value decomposition to vertical seismic profiling},
  journal = 	 {Geophysics},
  year = 	 1988,
  volume =	 53,
  pages =	 {778-785}
}

@inproceedings{Grion98,
  author =	 {S[] Grion and A[] Mazzotti},
  title = 	 {Stacking weights determination by means of SVD and crosscorrelation},
  booktitle =    {68th Annual International Meeting},
  year = 	 {1998},
  publisher =    {SEG, Expanded Abstracts},
  pages =        {1135-1138}
}

@inproceedings{Hale06,
  author =	 {D[] Hale},
  title = 	 {Fast local crosscorrelation of images},
  booktitle =    {76th Annual International Meeting},
  year = 	 {2006},
  publisher =    {SEG, Expanded Abstracts},
  pages =        {3160-3163}
}

@Article{Mayne62,
  author = 	 {W[] H[] Mayne},
  title = 	 {Common reflection point horizontal data stacking techniques},
  journal = 	 {Geophysics},
  year = 	 1962,
  volume =	 27,
  pages =	 {927-938}
}

@inproceedings{Neelamani06,
  author =	 {R[] Neelamani and T[] A[] Dickens and M[] Deffenbaugh},
  title = 	 {Stack-and-denoise: {A} new method to stack seismic datasets},
  booktitle =    {76th Annual International Meeting},
  year = 	 {2006},
  publisher =    {SEG, Expanded Abstracts},
  pages =        {2827-2831}
}

@book{Peterson88,
   author =       {B[] J[] Peterson and D[] R[] DeGroat},
   publisher =    {Maple Press},
   title =        {{Nearly optimal, SVD-based stacking of seismic data}},
   year =         {1988}
   pages =        {858-862}
}

@Article{Rashed08,
  author = 	 {M[] A[] Rashed},
  title = 	 {Smart stacking: {A} new {CMP} stacking technique for seismic data},
  journal = 	 {The Leading Edge},
  year = 	 2008,
  volume =	 27,
  pages =	 {462-467}
}

@Article{Robinson70,
  author = 	 {J[] C[] Robinson},
  title = 	 {Statistically optimal stacking of seismic data},
  journal = 	 {Geophysics},
  year = 	 1970,
  volume =	 35,
  pages =	 {436-446}
}

@Article{Schoenberger96,
  author = 	 {M[] Schoenberger},
  title = 	 {Optimum weighted stack for multiple suppression},
  journal = 	 {Geophysics},
  year = 	 1996,
  volume =	 61,
  pages =	 {891-901}
}

@inproceedings{Tang07,
  author =	 {Y[] Tang},
  title = 	 {Selective stacking in the reflection-angle and azimuth domain},
  booktitle =    {77th Annual International Meeting},
  year = 	 {2007},
  publisher =    {SEG, Expanded Abstracts},
  pages =        {2320-2324}
}

@inproceedings{Trickett07,
  author =	 {S[] Trickett},
  title = 	 {Maximum-likelihood-estimation stacking},
  booktitle =    {77th Annual International Meeting},
  year = 	 {2007},
  publisher =    {SEG, Expanded Abstracts},
  pages =        {2640-2643}
}

@book{Yilmaz01,
   author =       {O[] Yilmaz},
   publisher =    {SEG},
   title =        {{Seismic data analysis: Processing, inversion, and interpretation of seismic data}},
   year =         {2001}
}

@Article{Zhang06,
  author = 	 {S[] Z[] Zhang and Y[] X[] Xu},
  title = 	 {Higher-order correlative stacking for seismic data in the wavelet domain},
  journal = 	 {Chinese Journal of Geophysics (in Chinese)},
  year = 	 2006,
  volume =	 49,
  pages =	 {554-560}
}





