@Book{yilmaz,
  author =	 {O[] Yilmaz},
  title = 	 {Seismic Data Analysis},
  publisher = 	 {Soc. of Expl. Geophys.},
  year = 	 2001
}

@Book{caers,
  author = 	 {J[] Caers},
  title = 	 {Modeling Uncertainty in the {Earth} Sciences},
  publisher = 	 {Wiley},
  year = 	 2011}

@Article{me, 
author = {S[ergey] Fomel},
title = {Method of velocity continuation in the problem of seismic time migration}, 
journal = {Russian Geology and Geophysics}, 
year = {1994},
volume = {35}, 
number = {5}, 
pages = {100-111}
}

@Article{iversen,
  author = 	 {E[inar] Iversen},
  title = 	 {Velocity rays for heterogeneous anisotropic media: {Theory} and implementation},
  journal = 	 {Geophysics},
  year = 	 2006,
  volume = 	 71,
  number = 	 5,
  pages = 	 {T117-T127}}

@article {duchkov,
author = {Duchkov, Anton A. and De Hoop, Maarten V.},
title = {Velocity continuation in the downward continuation approach to seismic imaging},
journal = {Geophysical Journal International},
volume = {176},
number = {3},
publisher = {Blackwell Publishing Ltd},
issn = {1365-246X},
url = {http://dx.doi.org/10.1111/j.1365-246X.2008.04023.x},
doi = {10.1111/j.1365-246X.2008.04023.x},
pages = {909--924},
keywords = {Controlled source seismology, Theoretical seismology, Wave propagation},
year = {2009},
}

@Article{will,
  author =       {W[] Burnett and S[] Fomel},
  title =        {Azimuthally anisotropic {3D}
  velocity continuation},
  journal =      {International Journal of Geophysics},
  year =         2011,
  volume =       2011,
  pages =        {Article
  ID 484653}}

@Article{hamburg,
  author = 	 {V. Glogovsky and E. Landa and S. Langman and T.~J. Moser},
  title = 	 {Validating
the velocity mode: the {Hamburg Score}},
  journal = 	 {First Break},
  year = 	 2009,
  volume = 	 27,
  number = 	 3,
  pages = 	 {77-85}}

@Article{avo,
  author = 	 {S[] Fomel},
  title = 	 {Velocity analysis using {AB} semblance},
  journal = 	 {Geophysical Prospecting},
  year = 	 2009,
  volume =	 57,
  pages =	 {311-321}
}

@Article{hubral,
  author = 	 {P[eter] Hubral and M[artin] Tygel and J[] Schleicher},
  title = 	 {Seismic image waves},
  journal = 	 {Geophysical Journal International},
  year = 	 1996,
  volume =	 125,
  pages =	 {431-442}
}

@Book{bei,
  author =       {J[on] F[] Claerbout},
  title =        {Basic {Earth} Imaging},
  publisher =    {Stanford Exploration Project, \url{http://sepwww.stanford.edu/sep/prof/}},
  year =         2005
}

@Article{fpwd,
  author = 	 {Z[] Chen and S[] Fomel and W[] Lu},
  title = 	 {Accelerated plane-wave destruction},
  journal = 	 {Geophysics},
  year = 	 2013,
  volume =	 78,
  pages =	 {V1-V9}
}

@Article{opwd,
  author = 	 {Z[] Chen and S[] Fomel and W[] Lu},
  title = 	 {Omnidirectional plane-wave destruction},
  journal = 	 {Geophysics},
  year = 	 2013,
  volume =	 78,
  pages =	 {V171-V179}
}

@Article{cameron,
  author = 	 {M. K. Cameron and S. Fomel and J. A.  Sethian},
  title = 	 {Seismic velocity estimation from time migration velocities},
  journal = 	 {Inverse Problems},
  year = 	 2007,
  volume = 	 23,
  pages = 	 {1329-1369}}
