@Book{iei,
  author =       {J. F. Claerbout},
  title =        {Imaging the {Earth's} Interior},
  publisher =    {Blackwell Scientific Publications},
  year =         1985
}

@InCollection{tappert,
  author = 	 {F[red] D[] Tappert},
  title = 	 {The parabolic approximation method},
  booktitle = 	 {Wave Propagation and Underwater Acoustics},
  pages = 	 {224-287},
  publisher = {Springer},
  year = 	 1977,
  editor = 	 {J[oseph] B[] Keller, J[ohn] S[] Papadakis},
  volume = 	 70}

@Article{bamberger,
  author = 	 {A[] Bamberger and B[] Engquist and L[] Halpern and P[] Joly},
  title = 	 {Parabolic wave equation approximation in heterogenous media},
  journal = 	 {SIAM Journal on Appl. Math.},
  year = 	 1988,
  volume = 	 48,
  number = 	 1,
  pages = 	 {99-128}}

