@article{alkhalifah:2013,
  author =	 {T. Alkhalifah},
  title =	 {Residual extrapolation operators for efficient wavefield construction},
  year =	 2013,
  journal =	 {Geophysical Journal International},
  volume =	 193, 
  pages =	 {1027-1034},
}

@Book{aki.richards:1980,
  author =       {K. Aki and P. Richards},
  title =        {Quantitative Seismology (second edition)},
  publisher =    {University Science Books},
  year =         1980
}

@article{candes:2007,
  author =       {E. Candes and L. Demanet and L. Ying},
  title =        {Fast computation of Fourier integral operators},
  year =         2007,
  journal =      {SIAM J. Sci. Comput.},
  volume =       29,
  number =	 6,
  pages =        {2464-2494}
}

@Book{cerveny:2001,
  author =       {V. Cerveny},
  title =        {Seismic ray theory},
  publisher =    {Cambridge University Press},
  year =         2001 
}

@article{cheng.kang:2012,
  author =       {J. B. Cheng and W. Kang},
  title =        {Propagating pure wave modes in general anisotropic media, Part {I}: P-wave propagators},
  publisher =    {SEG},
  year =         2012,
  journal =      {SEG Technical Program Expanded Abstracts},
  pages =        {http://dx.doi.org/10.1190/segam2012-0616.1}
}

@article{cheng.kang:2013,
  author =       {J. B. Cheng and W. Kang},
  title =        {Simulating propagation of separated wave modes in general anisotropic media, Part {I}: P-wave propagators},
  publisher =    {SEG},
  year =         2013,
  journal =      {Geophysics},
  volume =       {79},
  number =       {1},
  pages =        {}
}

@article{chu:2011,
  author =       {C. Chu and B.K. Macy and P. Anno},
  title =        {An accurate and stable wave equation for pure acoustic {TTI} modleing},
  publisher =    {SEG},
  year =         2011,
  journal =      {SEG Technical Program Expanded Abstracts},
  pages =        {179-184}
}

@article{crampin:1991,
  author =       {S. Crampin},
  title =        {Effects of point singularities on shear-wave propagation in sedimentary basins},
  year =         1991,
  journal =      {Geophysical Journal Internationl},
  volume =       {107},
  pages =        {531-543}
}

@article{crampin:1984,
  author =       {Crampin, S.},
  title =        {Effective anisotropic elastic constants for wave propagation through cracked solids},
  year =         1984,
  journal =      {Geophysical Journal of the Royal Astronomical Society},
  volume =       {76},
  pages =        {135-145}
}

@PhdThesis{dellinger.thesis,
  author =	 {J. Dellinger},
  title =	 {Anisotropic seismic wave propagation},
  school =	 {Stanford University},
  year =	 1991,
  month =	 {April}
}

@article{dellinger.etgen:1990,
author = {J. Dellinger and J. Etgen},
title = {Wavefield separation in two-dimensional anisotropic media},
publisher = {SEG},
year = 1990,
journal = {Geophysics},
volume = {55},
number = {7},
pages = {914-919},
}

@article{etgen:2009,
  author =       {J. Etgen and S. Brandsberg-Dahl},
  title =        {The pseudo-analytical method: {Application} of pseudo-{Laplacians} to acoustic and acoustic anisotropic wave propagation},
  publisher =    {SEG},
  year =         2009,
  journal =      {SEG Technical Program Expanded Abstracts},
  pages =        {2552-2556}
}

@article{engquist.ying:2008,
author = {B. Engquist and L. Ying},
title = {Fast directional multilevel algorithms for oscillatory kernels},
year = 2008,
journal = {SIAM J. Sci. Comput.},
volume = {29},
number = {4},
pages = {1710-1737}
}

@article{engquist.ying:2009,
author = {B. Engquist and L. Ying},
title = {A fast directional algorithm for high frequency acoustic scattering in two dimensions},
year = 2009,
journal = {Communications Mathematical Sciences},
volume = {7},
number = {2},
pages = {327-345}
}

@article{fomel:2010,
  author =     {S. Fomel and L. Ying and X. Song},
  title =      {Seismic wave extrapolation using a lowrank symbol approximation},
  publisher =  {SEG},
  year =       2010,
  journal =    {SEG Technical Program Expanded Abstracts},
  pages =      {3092-3096}
}

@article{fomel:2013,
  author =     {S. Fomel and L. Ying and X. Song},
  title =      {Seismic wave extrapolation using lowrank symbol approximation},
  publisher =  {EAGE},
  year =       2013,
  journal =    {Geophysical Prospecting},
  volume =     61,
  pages =      {526-536},
  doi =        {10.1111/j.1365-2478.2012.01064.x}
}

@article{gazdag:1984,
author = {J. Gazdag and P. Sguazzero},
title = {Migration of seismic data by phase shift plus interpolation},
publisher = {SEG},
year = 1984,
journal = {Geophysics},
volume = {49},
pages = {124-131}
}

@book{golub:1996,
author = {G.H. Golub and C. F. Van Loan},
title = {Matrix Computations},
publisher =  {John Hopkins},
year =   1996
}

@article{liu:2009,
  author =       {F. Liu and S.A. Morton and S. Jiang and L. Ni and J.P. Leveille},
  title =        {Decoupled Wave Equations for {P} and {SV} Waves in an Acoustic {VTI} Media},
  publisher =    {SEG},
  year =         2009,
  journal =      {SEG Technical Program Expanded Abstracts},
  pages =        {2844-2848}
}

@Book{morse.feshbach:1953,
author = {Morse, P. M. and H. Feshbach},
title =	 {Methods of theoretical physics},
publisher = {McGraw-Hill Book Company},
year =	 1953
}

@article{pestana:2011,
  author =       {R.C. Pestana and B. Ursin and P. L. Stoffa},
  title =        {Separate {P}- and {SV}-wave equations for {VTI} Media},
  publisher =    {SEG},
  year =         2011,
  journal =      {SEG Technical Program Expanded Abstracts},
  pages =        {163-167}
}

@article{song:2011,
  author =       {X. Song and S. Fomel and L. Ying and T. Ding},
  title =        {Lowrank finite-difference for wave extrapolation},
  publisher =    {SEG},
  year =         2011,
  journal =      {SEG Technical Program Expanded Abstracts},
  pages =        {3372-3376}
}

@article{song:2013a,
  author =	 {X. Song and S. Fomel and L. Ying},
  title =	 {Lowrank finite-differences and lowrank fourier finite-differences for seismic wave extrapolation in the acoustic approximation},
  year =	 2013,
  journal =	 {Geophysical Journal International},
  volume =	 193,
  number =	 5,
  pages =	 {960-969},
}

@article{song:2013b,
  author =	 {X. Song and T. Alkhalifah},
  title =	 {Modeling of pseudoacoustic {P}-waves in orthorhombic media with a low-rank approximation},
  year =	 2013,
  journal =	 {Geophysics},
  volume =	 78,
  number =	 4,
  pages =	 {C33-C40},
}

@article{thomsen:1986,
  author =	 {L. Thomsen},
  title =	 {Weak elastic anisotropy},
  publisher =	 {SEG},
  year =	 1986,
  journal =	 {Geophysics},
  volume =	 51,
  pages =	 {1954-1996},
}

@Book{tsvankin:2001,
  author =	 {I. Tsvankin},
  title =	 {Seismic signatures and analysis of reflection data
                  in anisotropioc media},
  publisher =	 {Elsevier Science Ltd.},
  year =	 2001
}

@article{winterstein,
author = {D.F. Winterstein},
title = {Velocity anisotropy terminology for geophysicists},
publisher = {SEG},
year = 1990,
journal = {Geophysics},
volume = {55},
number = {8},
pages = {1070-1088}
}

@article{yan.sava:2009,
author = {J. Yan and P. Sava},
title = {Elastic wave-mode separation for {VTI} media},
publisher = {SEG},
year = 2009,
journal = {Geophysics},
volume = {74},
number = {5},
pages = {WB19-WB32}
}

@article{yan.sava:2011,
author = {J. Yan and P. Sava},
title = {Improving the efficiency of elastic wave-mode separation for heterogenous tilted transverse isotropic media},
publisher = {SEG},
year = 2011,
journal = {Geophysics},
volume = {76},
number = {4},
pages = {T65-T78},
}

@article{yan:2009,
author = {J. Yan and P. Sava},
title = {{3D} elastic wave mode separation for {TTI} media},
publisher = {SEG},
year = 2009,
journal = {SEG Technical Program Expanded Abstracts},
pages = {4294-4298}
}

@article{ying:2012,
author = {L. Ying},
title = {A pedestrain introduction to fast multipole methods},
year = 2012,
journal = {Sci. China Math},
volume = {55},
doi   = {10.1007/s11425-012-4392-0}
}

@article{zhang.mcmechan:2010,
author = {Q. Zhang and George A. McMechan},
title = {{2D} and {3D} elastic wavefield vector decomposition in the wavenumber domain for {VTI} media},
publisher = {SEG},
year = 2010,
journal = {Geophysics},
volume = {75},
number = {3},
pages = {D13-D26}
}

@article{zhang.mcmechan:2011,
author = {Q. Zhang and George A. McMechan},
title = {Common-image gathers in the incident phase-angle domain from reverse-time migration in {2D} elastic {VTI} media},
publisher = {SEG},
year = 2011,
journal = {Geophysics},
volume = {76},
number = {6},
pages = {S197-S206}
}

