@Article{Allen77,
  author = 	 {J[] B[] Allen},
  title = 	 {Short term spectral analysis, synthetic and modification by discrete {Fourier} transform},
  journal = 	 {IEEE Transactions on Acoustic, Speech, Signal Processing},
  year = 	 1977,
  volume =	 25,
  pages =	 {235-238}
}

@Article{Askari08,
  author = 	 {R[] Askari and H[] R[] Siahkoohi},
  title = 	 {Ground roll attenuation using the {S} and x-f-k transforms},
  journal = 	 {Geophysical Prospecting},
  year = 	 2008,
  volume =	 56,
  pages =	 {105-114}
}

@Article{Brown00,
  author = 	 {M[] Brown and J[] F[] Claerbout},
  title = 	 {Ground roll and {R}adial {T}race {T}ransform -- revisited},
  journal = 	 {Stanford Exploration Project},
  year = 	 2000,
  volume =	 {SEP-103},
  pages =	 {219-237}
}

@Article{Castagna06,
  author = 	 {J[ohn] P[] Castagna and S[henjie] Sun},
  title = 	 {Comparison of spectral decomposition methods},
  journal = 	 {First break},
  year = 	 2006,
  volume =	 24,
  pages =	 {75-79}
}

@Article{Claerbout83,
  author = 	 {J[] F[] Claerbout},
  title = 	 {Ground roll and radial traces},
  journal = 	 {Stanford Exploration Project},
  year = 	 1983,
  volume =	 {SEP-35},
  pages =	 {43-54}
}

@Article{Chakraborty95,
  author = 	 {A[vijit] Chakraborty and D[avid] Okaya},
  title = 	 {Frequency-time decomposition of seismic data using wavelet-based method},
  journal = 	 {Geophysics},
  year = 	 1995,
  volume =	 60,
  pages =	 {1906-1916}
}

@book{Cohen95,
   author =       {L[] Cohen},
   publisher =    {Prentice Hall, Inc},
   title =        {Time-frequency analysis},
   year =         {1995}
}

@Article{DeAngelo03,
  author = 	 {M[] V[] DeAngelo and M[] Backus and B[] A[] Hardage and P[] Murray and S[] Knapp},
  title = 	 {Depth registration of {P}-wave and {C}-wave seismic data for shallow marine sediment characterization, {G}ulf of {M}exico},
  journal = 	 {The Leading Edge},
  year = 	 2003,
  volume =	 22,
  pages =	 {96-105}
}

@Article{Fomel07a,
  author = 	 {S[ergey] Fomel},
  title = 	 {Local seismic attributes},
  journal = 	 {Geophysics},
  year = 	 2007,
  volume =	 72,
  pages =	 {A29-A33}
}

@Article{Fomel07b,
  author = 	 {S[ergey] Fomel},
  title = 	 {Shaping regularization in geophysical-estimation problems},
  journal = 	 {Geophysics},
  year = 	 2007,
  volume =	 72,
  pages =	 {R29-R36}
}

@Article{Fomel09,
  author = 	 {S[ergey] Fomel},
  title = 	 {Adaptive multiple subtraction using regularized nonstationary regression},
  journal = 	 {Geophysics},
  year = 	 2009,
  volume =	 74,
  pages =	 {V25-V33}
}

@Article{Hestenes52,
  author =       {M[] R[] Hestenes and E[] Steifel},
  title =        {Methods of Conjugate Gradients for Solving Linear Systems},
  journal =      {Journal of Research of the National Bureau of Standards},
  year =         {1952},
  volume =       {49},
  pages =        {409-436}
}

@inproceedings{Henley99,
  author =       {D[] Henley},
  booktitle =    {69nd Annual International Meeting},
  pages =        {1204-1207},
  publisher =    {SEG, Expanded Abstracts},
  title =        {The radial trace transform: {A}n effective domain for coherent noise attenuation and wavefield separation},
  year =         {1999}
}

@inproceedings{Herrmann01,
   author =      {F[elix] J[] Herrmann},
   booktitle =   {71st Annual International Meeting},
   pages =       {1965-1968},
   publisher =   {SEG, Expanded Abstracts},
   title =       {Fractional spline matching pursuit: A quantitative tool for seismic stratigraphy},
   year =        {2001}
}

@inproceedings{Liu04,
   author =      {J[ianlei] Liu and K[urt] J[] Marfurt},
   booktitle =   {74th Annual International Meeting},
   pages =       {2144-2147},
   publisher =   {SEG, Expanded Abstracts},
   title =       {3-D high resolution Radon transforms applied to ground roll suppression in orthogonal seismic surveys},
   year =        {2004}
}


@Article{Li08,
  author = 	 {Y[andong] Li and X[iaodong] Zheng},
  title = 	 {Spectral decomposition using Wigner-Ville distribution with
applications to carbonate reservoir characterization},
  journal = 	 {The Leading Edge},
  year = 	 2008,
  volume =	 27,
  pages =	 {1050-1057}
}

@Article{Liu07,
  author = 	 {J[] Liu and K[] J[] Marfurt},
  title = 	 {Instantaneous spectral attributes to detect channels},
  journal = 	 {Geophysics},
  year = 	 2007,
  volume =	 72,
  pages =	 {P23-P31}
}

@inproceedings{Liu09,
  author =       {G[] Liu and S[] Fomel and X[] Chen},
  booktitle =    {79nd Annual International Meeting},
  pages =        {1825-1829},
  publisher =    {SEG, Expanded Abstracts},
  title =        {Time-frequency characterization of seismic data using local attributes},
  year =         {2009}
}

@Article{Liu11,
  author =       {G[] Liu and S[] Fomel and X[] Chen},
  title =        {Time-frequency characterization of seismic data using local attributes},
  journal = 	 {Geophysics},
  year = 	 2011,
  volume =	 76,
  pages =	 {P23-P34}
}

@Article{Pinnegar03,
  author = 	 {C[] Pinnegar and L[] Mansinha},
  title = 	 {The {S}-transform with windows of arbitrary and varying shape},
  journal = 	 {Geophysics},
  year = 	 2003,
  volume =	 68,
  pages =	 {381-385}
}

@Article{Sinha05,
  author = 	 {S[] Sinha and P[] S[]  Routh and P[]  Anno and J[] P[] Castagna},
  title = 	 {Spectral decomposition of seismic data with continuous-wavelet transform},
  journal = 	 {Geophysics},
  volume =	 70,
  year = 	 2005,
  pages =	 {P19-P25}
}

@Article{Sinha09,
  author = 	 {S[] Sinha and P[] S[]  Routh and P[]  Anno},
  title = 	 {Instantaneous spectral attributes using scales in continuous-wavelet transform},
  journal = 	 {Geophysics},
  volume =	 74,
  year = 	 2009,
  pages =	 {WA137-WA142}
}

@Book{Tikhonov63,
  author =	 {A[] N[] Tikhonov},
  title = 	 {Solution of incorrectly formulated problems and the regularization method},
  publisher = 	 {Soviet Mathematics -- Doklady},
  year = 	 1963,
  pages =        {1035-1038}
}

@Article{Stockwell96,
  author = 	 {R[] G[] Stockwell and L[] Mansinha and R[] P[] Lowe},
  title = 	 {Localization of the complex spectrum: the {S} transform},
  journal = 	 {IEEE Transactions on Signal Processing},
  year = 	 1996,
  volume =	 {44},
  pages =	 {998-1001}
}

@Article{Elboth10,
  author = 	 {T[homas] Elboth and I[da] V[i]] Presterud and D[ag] Hermansen},
  title = 	 {Time-frequency seismic data de-noising},
  journal = 	 {Geophysical Prospecting},
  year = 	 2010,
  volume =	 58,
  pages =	 {441-453}
}

@Article{Wang07,
  author = 	 {Y[] Wang},
  title = 	 {Seismic time-frequency spectral decomposition by matching pursuit},
  journal = 	 {Geophysics},
  year = 	 2007,
  volume =	 72,
  pages =	 {V13-V20}
}

@Article{Wang10,
  author = 	 {Y[] Wang},
  title = 	 {Multichannel matching pursuit for seismic trace decomposition},
  journal = 	 {Geophysics},
  year = 	 2010,
  volume =	 75,
  pages =	 {V61-V66}
}

@Article{Wigner32,
  author = 	 {W[] Wigner},
  title = 	 {On the quantum correction for thermodynamic equilibrium},
  journal = 	 {Physical Review},
  year = 	 1932,
  volume =	 40,
  pages =	 {749-759}
}

@Book{wolberg,
  author =	 {G[] Wolberg},
  title = 	 {Digital Image Warping},
  publisher = 	 {IEEE Computer Society},
  year = 	 1990
}

@inproceedings{Yarham08,
   author =      {C[arson] Yarham and F[elix] J[] Herrmann},
   booktitle =   {78th Annual International Meeting},
   pages =       {2576-2580},
   publisher =   {SEG, Expanded Abstracts},
   title =       {Bayesian ground-roll separation by curvelet-domain sparsity promotion},
   year =        {2008}
}

@BOOK{Yilmaz01,
  author  =	 {{\"{O}}[] Yilmaz},
  title  = 	 {Seismic data analysis: {P}rocessing, inversion and interpretation of seismic data},
  publisher  = 	 {Society of Exploration Geophysics},
  year   = 	 {2001}
}

@inproceedings{warp,
   author =      {S[] Fomel and M[] Backus and K[] Fouad and B[] Hardage and G[] Winters},
   booktitle =   {75th Annual International Meeting},
   pages =       {1018-1021},
   publisher =   {SEG, Expanded Abstracts},
   title =       {A multistep approach to multicomponent seismic image
  registration with application to a {West} {Texas} carbonate reservoir
  study},
   year =        {2005}
}

@inproceedings{Fomel03,
   author =      {S[] Fomel and M[] Backus},
   booktitle =   {73rd Annual International Meeting},
   pages =       {781-784},
   publisher =   {SEG, Expanded Abstracts},
   title =       {Multicomponent seismic data registration by least squares},
   year =        {2003}
}

