@article{kelamis:00, 
  author={Kelamis, Panos G. and Verschuur, D. J.},
  year={2000},
  title={Surface-related multiple elimination on land seismic data-{S}trategies via case studies},
  journal={Geophysics},
  volume={65},
  number={3},
  pages={719-734}}

@article{GEO57-09-11661177,
  author={Verschuur, D. J. and  Berkhout, A. J. and  Wapenaar, C. P. A.},
  year={1992},
  title={Adaptive surface-related multiple elimination},
  journal={Geophysics},
  volume={57},
  number={09},
  pages={1166-1177}}

@article{GEO62-05-15861595,
  author={Berkhout, A. J. and  Verschuur, D. J.},
  year={1997},
  title={Estimation of multiple scattering by iterative inversion, part I: Theoretical considerations},
  journal={Geophysics},
  volume={62},
  number={05},
  pages={1586-1595}}
