
@Book{numrec,
  author =	 {W. H. Press and S. A. Teukolsky and W. T. Vetterling
                  and B. P. Flannery},
  title = 	 {Numerical Recipes: The Art of Scientific Computing},
  publisher = 	 {Cambridge University Press},
  year = 	 1992,
  edition =	 {2nd}
}

@InCollection{BPmultiples,
  author =       {Robert G. Clapp},
  title =        {{BP} Multiple synthetic},
  booktitle =    {{SEP} Data Library},
  publisher =    {Stanford Exploration Project},
  year =         1999
}

@Book{gee,
  title =	 {Geophysical Estimation by Example},
  author =	 {J. F. Claerbout},
  publisher =	 {available on the World-Wide-Web at
                  \url{http://sepwww.stanford.edu/prof/gee/}},
  year =	 1998
}

@Book{widrowstearns,
  author =	 {B. Widrow and S. D. Stearns},
  title = 	 {Adaptive signal processing},
  publisher = 	 {Prentice Hall},
  year = 	 1985
}

@Article{geofizhelix,
  author =	 {J. F. Claerbout},
  title =	 {Multidimensional recursive filters via a helix},
  journal =	 {Geophysics},
  volume =	 {63},
  pages =	 {1532--1541},
  year =	 {1998},
}

@Article{margrave98,
  author =	 {G. F. Margrave},
  title =	 {Theory of nonstationary linear filtering in the
                  {Fourier} domain with application to time-variant
                  filtering},
  journal =	 {Geophysics},
  year =	 1998,
  volume =	 63,
  number =	 1,
  pages =	 {244-259}
}

@article{pannshin,
  author =	 {Pann, Keh and Shin, Y.},
  year =	 1976,
  title =	 {A class of convolutional time-varying filters},
  journal =	 {Geophysics},
  volume =	 41,
  number =	 1,
  pages =	 {28-43}
}

@Book{robinsontreitel,
  author =	 {E. A. Robinson and S. Treitel},
  title =	 {Geophysical Signal Analysis},
  publisher =	 {Prentice-Hall},
  year =	 1980,
  notes =	 {Excellent reference for least squares filter design,
                  and general time signal analysis}
}

@Book{yilmaz,
  author =	 {O. Yilmaz},
  title =	 {Seismic Data Processing},
  publisher =	 {Soc. Expl. Geophys.},
  year =	 1987
}

