@Book{johnsonpset18336,
 title = {Numerical Methods for Partial Differential Equations: Problem Set},
 year = {2006},
 author = {Steven G. Johnson},
 url={http://math.mit.edu/~stevenj/18.336/},
}

@article{liu2009new,
  title={A new time--space domain high-order finite-difference method for the acoustic wave equation},
  author={Liu, Yang and Sen, Mrinal K},
  journal={Journal of computational Physics},
  volume={228},
  number={23},
  pages={8779--8806},
  year={2009},
  publisher={Elsevier}
}
