@Article{Bangs04,
  author = 	 {N[] Bangs and T[] Shipley and S[] Gulick and G[] Moore and S[] Kuromoto and Y[] Nakamura},
  title = 	 {Evolution of the {Nankai} {Trough} decollement from the trench into the seismogenic zone: Inferences from {3-D} seismic reflection imaging},
  journal = 	 {Geology},
  year = 	 2004,
  volume =	 32,
  pages =	 {273-276}
}

@Article{Gulick04,
  author = 	 {S[] Gulick and N[] Bangs and T[] Shipley and Y[] Nakamura and G[] Moore and S[] Kuramoto},
  title = 	 {Three-dimensional architecture of the {Nankai} accretionary prism's imbricate thrust zone off {Cape} {Muroto}, {Japan}: Prism reconstruction via en echelon thrust propagation},
  journal = 	 {Journal of Geophysical Research},
  year = 	 2004,
  volume =	 109,
  pages =	 {B02105}
}

@Article{Bangs05,
  author = 	 {N[] Bangs and T[] Shipley and G[] Moore and C[] Moore and S[] Gulick and S[] Kuramoto and Y[] Nakamura and J[] O[] Park},
  title = 	 {The {3-D} Architecture of the {Nankai} {Trough} Accretionary Wedge and the Development of the Seismogenic Zone},
  journal = 	 {MARGINS Newsletter},
  year = 	 2005,
  volume =	 14,
  pages =	 {1-5, 28}
}

@Article{Bednar83,
  author = 	 {J[] B[] Bednar},
  title = 	 {Applications of median filtering to deconvolution, pulse estimation, and statistical editing of seismic data},
  journal = 	 {Geophysics},
  year = 	 1983,
  volume =	 48,
  pages =	 {1598-1610}
}

@Article{Duncan95,
  author = 	 {G[] Duncan and G[] Beresford},
  title = 	 {Some analyses of {2-D} median f-k filters},
  journal = 	 {Geophysics},
  year = 	 1995,
  volume =	 60,
  pages =	 {1157-1168}
}

@inproceedings{Fomel06,
  author =	 {S[ergey] Fomel},
  title = 	 {Towards the seislet transform},
  booktitle =    {76th Annual International Meeting},
  year = 	 {2006},
  publisher =    {SEG, Expanded Abstracts},
  pages =        {2847-2851}
}

@inproceedings{Fomel08,
  author =	 {S[ergey] Fomel and Y[ang] Liu},
  title = 	 {Seismic data analysis with one-dimensional seislet frame},
  booktitle =    {78th Annual International Meeting},
  year = 	 {2008},
  publisher =    {SEG, Expanded Abstracts},
  pages =        {2581-2585}
}

@Article{Gulunay00,
  author = 	 {N[] G{\"u}l{\"u}nay},
  title = 	 {Noncausal spatial prediction filtering for random noise reduction on {3-D} poststack data},
  journal = 	 {Geophysics},
  year = 	 2000,
  volume =	 65,
  pages =	 {1641-1653}
}

@Article{Karsli06,
  author = 	 {H[akan] Karsli and D[erman] Dondurur and G[{\"u}nay] {\c C}if{\c c}i},
  title = 	 {Application of complex-trace analysis to seismic data for random-noise suppression and temporal resolution improvement},
  journal = 	 {Geophysics},
  year = 	 2006,
  volume =	 71,
  pages =	 {V79-V86}
}

@Article{Neelamani08,
  author = 	 {R[amesh] Neelamani and A[natoly] I[] Baumstein and D[ominique] G[] Gillard and M[ohamed] T[] Hadidi and W[illiam] I[] Soroka},
  title = 	 {Coherent and random noise attenuation using the curvelet transform},
  journal = 	 {The Leading Edge},
  year = 	 2008,
  volume =	 27,
  pages =	 {240-248}
}

@Article{Liu06,
  author = 	 {C[] Liu and Y[] Liu and B[] Yang and D[] Wang and J[] Sun},
  title = 	 {A {2D} multistage median filter to reduce random seismic noise},
  journal = 	 {Geophysics},
  year = 	 2006,
  volume =	 71,
  pages =	 {V105-V110}
}

@Article{Liu97,
  author = 	 {Y[] Liu and C[] Li},
  title = 	 {Some methods for estimating the signal/noise ratio of seismic data},
  journal = 	 {Oil Geophysical Prospecting},
  year = 	 1997,
  volume =	 32,
  pages =	 {257-262 (In Chinese with English abstract)}
}

@inproceedings{Lu07,
  author =	 {W[] Lu and J[un] Liu},
  title = 	 {Random noise suppression based on discrete cosine transform},
  booktitle =    {77th Annual International Meeting},
  year = 	 {2007},
  publisher =    {SEG, Expanded Abstracts},
  pages =        {2668-2672}
}

@inproceedings{Mi00,
  author =	 {Y[] Mi and G[] F[] Margrave},
  title = 	 {Median filtering in {Kirchhoff} migration for noisy data},
  booktitle =    {70th Annual International Meeting},
  year = 	 {2000},
  publisher =    {SEG, Expanded Abstracts},
  pages =        {822-825}
}

@Article{Ristau01,
  author = 	 {J[] P[] Ristau and W[] M[] Moon},
  title = 	 {Adaptive filtering of random noise in {2-D} geophysical data},
  journal = 	 {Geophysics},
  year = 	 2001,
  volume =	 66,
  pages =	 {342-349}
}

@inproceedings{Zhang03,
  author =	 {R[] Zhang and T[] J[] Ulrych},
  title = 	 {Multiple suppression based on the migration operator and a hyperbolic median filter},
  booktitle =    {73th Annual International Meeting},
  year = 	 {2003},
  publisher =    {SEG, Expanded Abstracts},
  pages =        {1949-1952}
}

@inproceedings{Jenkerson00,
  author =	 {M[] Jenkerson and R[] Houck and M[] Walsh and L[] Combee and A[] D[] Curtis and J[] E[] Martin and N[] Moldoveanu and A[] \"{O}zbek and C[] M[] Sayers and R[] C[] Walker},
  title = 	 {Signal preserving swell noise attenuation using point receiver seismic data},
  booktitle =    {70th Annual International Meeting},
  year = 	 {2000},
  publisher =    {SEG, Expanded Abstracts},
  pages =        {2085-2087}
}

@inproceedings{Cambois95,
  author =	 {G[] Cambois and J[] Frelet},
  title = 	 {Can we surgically remove swell noise},
  booktitle =    {65th Annual International Meeting},
  year = 	 {1995},
  publisher =    {SEG, Expanded Abstracts},
  pages =        {1381-1384}
}

@inproceedings{Parrish05,
  author =	 {J[] F[] Parrish},
  title = 	 {Streamer string waves and swell noise},
  booktitle =    {75th Annual International Meeting},
  year = 	 {2005},
  publisher =    {SEG, Expanded Abstracts},
  pages =        {72-75}
}

@inproceedings{Smith99,
  author =	 {J[] G[] Smith},
  title = 	 {Amplitude and phase effects of weather noise},
  booktitle =    {69th Annual International Meeting},
  year = 	 {1999},
  publisher =    {SEG, Expanded Abstracts},
  pages =        {1485-1488}
}

@inproceedings{Watts99,
  author =	 {D[] R[] Watts and A[] J[] Deighan and C[] Riedel},
  title = 	 {Attenuation of marine wave swell noise by stacking in the wavelet packet domain},
  booktitle =    {69th Annual International Meeting},
  year = 	 {1999},
  publisher =    {SEG, Expanded Abstracts},
  pages =        {120-123}
}