@Article{keys,
  author = 	 {R[obert] G[] Keys},
  title = 	 {Cubic convolution interpolation for digital image processing},
  journal = 	 {IEEE Trans. Acoust., Speech, Signal Process.},
  year = 	 1981,
  volume =	 {ASSP-29},
  pages =	 {1153-1160}
}

@Book{wolberg,
  author = 	 {G[eorge] Wolberg},
  title = 	 {Digital image warping},
  publisher = 	 {IEEE Computer Society Press},
  year = 	 1990
}

@Book{deBoor,
  author = 	 {C[arl] de Boor},
  title = 	 {A practical guide to splines},
  publisher = 	 {Springer-Verlag},
  year = 	 1978
}

@Article{unser1,
  author = 	 {M[] Unser and A[] Aldroubi and M[] Eden},
  title = 	 {B-Spline signal processing: {Part I -- Theory}},
  journal = 	 {IEEE Transactions on Signal Processing},
  year = 	 1993,
  volume =	 41,
  month =	 {February},
  pages =	 {821-832}
}

@Article{unser2,
  author = 	 {M[] Unser and A[] Aldroubi and M[] Eden},
  title = 	 {B-Spline signal processing: {Part II -- Efficient} design and applications},
  journal = 	 {IEEE Transactions on Signal Processing},
  year = 	 1993,
  volume =	 41,
  month =	 {February},
  pages =	 {834-848}
}

@InBook{handbook,
  author =       {P[hilippe] Th\'{e}venaz and T[hierry] Blu and M[ichael] Unser},
  booktitle =    {Handbook of Medical Image Processing},
  title =        {Image Interpolation and Resampling},
  publisher =    {, in press},
  year =         {2000}
}


@Article{shannon,
  author = 	 {C[] E[] Shannon},
  title = 	 {Communication in the presense of noise},
  journal = 	 {Proc. I.R.E.},
  year = 	 1949,
  volume =	 37,
  pages =	 {10-21}
}

@Article{kotelnikov,
  author = 	 {V[] A[] Kotel'nikov},
  title = 	 {On the transmission capacity of ``ether'' and wire in electrocommunications},
  journal = 	 {Izd. Red. Upr. Svyazi RKKA},
  publisher =    {Moscow},
  year = 	 1933
}

@Article{kaiser,
  author = 	 {J[] F[] Kaiser and R[] W[] Shafer},
  title = 	 {On the Use of the {I0-Sinh} Window for Spectrum Analysis},
  journal = 	 {IEEE Trans. Acoustics, Speech and Signal Processing},
  year = 	 1980,
  volume =	 {ASSP-28(1)},
  pages =	 105
}

@Article{unser,
  author = 	 {M[] Unser},
  title = 	 {Splines: a perfect fit for signal and image processing},
  journal = 	 {IEEE Signal Processing Magazine},
  year = 	 1999,
  volume =	 16,
  number =	 6,
  pages =	 {22-38}
}

@incollection{mom,
author={T[] Blu and P[] Th\'{e}venaz and M[] Unser},
year={1998},
title={Minimum support interpolators with optimum approximation properties},
booktitle={Proc. IEEE Int. Conf. Image Processing, Chicago, IL, USA, October 4-7},
pages={242-245}
}

@Book{gee,
  author =       {J[on] Claerbout},
  title =        {{G}eophysical estimation by example: {E}nvironmental soundings image enhancement},
  publisher =    {Stanford Exploration Project},
  year =         {1999},
  address =      {http://sepwww.stanford.edu/sep/prof/}
}

