@article{1986195,
  author={Ichiro Nakanishi and Kaoru Yamaguchi},
  title={A numerical experiment on nonlinear image reconstruction from first-arrival times for two-dimensional island arc structure},  
  journal={Journal of Physics of the Earth},
  volume={34},
  number={2},
  pages={195-201},
  year={1986}
}

@inbook{doi:10.1190/1.1889578,
author = {Hideki Saito},
title = {Traveltimes and raypaths of first arrival seismic waves: Computation method based on huygens' principle},
booktitle = {SEG Technical Program Expanded Abstracts 1989},
chapter = {71},
pages = {244-247},
doi = {10.1190/1.1889578},
URL = {http://library.seg.org/doi/abs/10.1190/1.1889578},
eprint = {http://library.seg.org/doi/pdf/10.1190/1.1889578}
}

@article{doi:10.1190/1.1442958,
author = {Moser, T.},
title = {Shortest path calculation of seismic rays},
journal = {Geophysics},
volume = {56},
number = {1},
pages = {59-67},
year = {1991},
doi = {10.1190/1.1442958},
URL = {http://library.seg.org/doi/abs/10.1190/1.1442958},
eprint = {http://library.seg.org/doi/pdf/10.1190/1.1442958}
}

@article {GPR:GPR124,
author = {Leidenfrost and Ettrich and Gajewski and Kosloff},
title = {Comparison of six different methods for calculating traveltimes},
journal = {Geophysical Prospecting},
volume = {47},
number = {3},
publisher = {Blackwell Science Ltd},
issn = {1365-2478},
url = {http://dx.doi.org/10.1046/j.1365-2478.1999.00124.x},
doi = {10.1046/j.1365-2478.1999.00124.x},
pages = {269--297},
year = {1999},
}

@inproceedings{Harish:2007:ALG:1782174.1782200,
 author = {Harish, Pawan and Narayanan, P. J.},
 title = {Accelerating large graph algorithms on the GPU using CUDA},
 booktitle = {Proceedings of the 14th international conference on High performance computing},
 series = {HiPC'07},
 year = {2007},
 isbn = {3-540-77219-7, 978-3-540-77219-4},
 location = {Goa, India},
 pages = {197--208},
 numpages = {12},
 url = {http://dl.acm.org/citation.cfm?id=1782174.1782200},
 acmid = {1782200},
 publisher = {Springer-Verlag},
 address = {Berlin, Heidelberg},
}

@inproceedings{Micikevicius:2009:FDC:1513895.1513905,
 author = {Micikevicius, Paulius},
 title = {3D finite difference computation on GPUs using CUDA},
 booktitle = {Proceedings of 2nd Workshop on General Purpose Processing on Graphics Processing Units},
 series = {GPGPU-2},
 year = {2009},
 isbn = {978-1-60558-517-8},
 location = {Washington, D.C.},
 pages = {79--84},
 numpages = {6},
 url = {http://doi.acm.org/10.1145/1513895.1513905},
 doi = {10.1145/1513895.1513905},
 acmid = {1513905},
 publisher = {ACM},
 address = {New York, NY, USA},
 keywords = {CUDA, GPU, finite difference, parallel algorithms},
} 

@Book{lamport,
  author =	 {L[eslie] Lamport},
  title = 	 {{\LaTeX: A} Document Preparation System},
  publisher = 	 {Addison-Wesley},
  year = 	 1994
}

@Book{kopka,
  author =	 {H[elmut] Kopka and P[atrick] W[] Daly},
  title = 	 {Guide to {\LaTeX}},
  publisher = 	 {Addison-Wesley},
  year = 	 2004
}

@preamble{"\newcommand{\SortNoop}[1]{}"}
@Book{Cerveny,
  author = {V[] {\SortNoop{Cerveny}}\v{C}erven\'{y}},
  title = {Seismic Ray Method},
  year = {2000},
  publisher = {Cambridge University Press}
}

@PHDTHESIS{forgues96,
  author = {E. Forgues},
  title  = {Inversion linearis\'ee multi-param\`etres via la th\'eorie des rais},
  school = {Institut Fran\c{c}ais du P\'etrole - University Paris VII},
  year   = {1996}
}
