@Book{sethian,
  author =       {J[ames] A[] Sethian},
  title =        {Level set methods: {Evolving} interfaces in
                  geometry, fluid mechanics, computer vision, and
                  materials science},
  publisher =    {Cambridge University Press},
  year =         1996
}



