1|1998|GRECHKA V. TSVANKIN I.|3-D DESCRIPTION OF NORMAL MOVEOUT IN ANISOTROPIC INHOMOGENEOUS MEDIA|23283|Grechka, V.; Tsvankin, I. 1998, 3-D description of 
normal moveout in anisotropic inhomogeneous media: , 
@article{GEO63-03-10791092,
   author = {V[] Grechka and I[] Tsvankin},
   journal = {Geophysics},
   number = {03},
   pages = {1079-1092},
   publisher = {Society of Exploration Geophysicists},
   title = {3-{D} description of normal moveout in anisotropic inhomogeneous media},
   volume = {63},
   year = {1998}}

1|1985|LEVIN F. K.|APPARENT VELOCITY FROM DIPPING INTERFACE REFLECTIONS|9286|Levin, F. K. 1985, Apparent velocity from dipping 
@article{GEO50-11-20262032,
   author = {F[] K[] Levin},
   journal = {Geophysics},
   number = {11},
   pages = {2026-2032},
   publisher = {Society of Exploration Geophysicists},
   title = {Apparent velocity from dipping interface reflections},
   volume = {50},
   year = {1985}}

@inproceedings{sicking_nelan_mclain07,
        AUTHOR = {C[] Sicking and S[] Nelan and W[] Mc{L}ain},
        TITLE = {3{D} azimuthal imaging},
        BOOKTITLE = {77th Annual International Meeting},
        PUBLISHER = {Society of Exploration Geophysicists, Expanded Abstracts},
        PAGES = {2364-2367},
        YEAR = {2007}
}

@ARTICLE{crampin84,
        AUTHOR = {S[] Crampin},
        TITLE = {Effective anisotropic elastic constants for wave propagation through cracked solids},
        JOURNAL = {Geophysical Journal of the Royal Astronomical Society},
        VOLUME = {76},
        PAGES = {135-145},
        YEAR = {1984}
}

2|2002|WILLIAMS M. JENNER E.|INTERPRETING SEISMIC DATA THE PRESENCE OF AZIMUTHAL ANISOTROPY; OR INTERPRETATION|44142|Williams, M.; Jenner, E. 2002, Interpreting seismic 
data in the presence of azimuthal anisotropy; or 
azimuthal anisotropy in the presence of the seismic 
@article{TLE21-08-07710774,
   author = {M[] Williams and E[] Jenner},
   journal = {The Leading Edge},
   number = {8},
   pages = {771-774},
   publisher = {Society of Exploration Geophysicists},
   title = {Interpreting seismic data in the presence of azimuthal anisotropy; or azimuthal anisotropy in the presence of the seismic interpretation},
   volume = {21},
   year = {2002}}

@inproceedings{sicking_nelan08,
        AUTHOR = {C[] Sicking and S[] Nelan},
        TITLE = {Azimuthal attribute methodologies: comparison of {N}{M}{O} super gathers, sectored isotropic migration, iterative azimuthal migration},
        BOOKTITLE = {78th Annual International Meeting},
        PUBLISHER = {Society of Exploration Geophysicists, Expanded Abstracts},
        PAGES = {983-987},
        YEAR = {2008}
}

@inproceedings{treadgold_etal08,
        AUTHOR = {G[] Treadgold and C[] Sicking and V[] Sublette and G[] Hoover},
        TITLE = {Azimuthal processing for fracture prediction and image improvement},
        BOOKTITLE = {78th Annual International Meeting},
        PUBLISHER = {Society of Exploration Geophysicists, Expanded Abstracts},
        PAGES = {988-992},
        YEAR = {2008}
}

9|2003|SILIQI R. LE MEUR D. GAMAR F. SMITH L. TOURE J. HERRMANN P.|HIGH-DENSITY MOVEOUT PARAMETER FIELDS AND ETA, PART 1: SIMULTANEOUS AUTOMATIC PICKING|46588|Siliqi, R.; Le Meur, D.; Gamar, F.; Smith, L.; Toure, 
J.; Herrmann, P. 2003, High-density moveout parameter 
fields V and Eta, Part 1: Simultaneous automatic 
@inproceedings{SEG-2003-20882091,
   author = {R[] Siliqi and D[] Le Meur and F[] Gamar and L[] Smith and J[] Toure and P[] Herrmann},
   booktitle = {73rd Annual International Meeting},
   pages = {2088-2091},
   publisher = {Society of Exploration Geophysicists, Expanded Abstracts},
   title = {High-density moveout parameter fields {V} and {E}ta, {P}art 1: {S}imultaneous automatic picking},
   year = {2003}}

3|1999|GRECHKA V. TSVANKIN I. COHEN J. K.|GENERALIZED DIX EQUATION AND ANALYTIC TREATMENT OF NORMAL-MOVEOUT VELOCITY FOR ANISOTROPIC MEDIA|23568|Grechka, V.; Tsvankin, I.; Cohen, J. K. 1999, 
Generalized Dix equation and analytic treatment of 
normal-moveout velocity for anisotropic media: , 47, 
@article{GPR47-02-01170148,
   author = {V[] Grechka and I[] Tsvankin and J[] K[] Cohen},
   journal = {Geophysical Prospecting},
   number = {02},
   pages = {117-148},
   publisher = {European Association of Geoscientists and Engineers},
   title = {Generalized {D}ix equation and analytic treatment of normal-moveout velocity for anisotropic media},
   volume = {47},
   year = {1999}}

@inproceedings{lynn07,
        AUTHOR = {W[] Lynn},
        TITLE = {Uncertainty implications in azimuthal velocity analysis},
        BOOKTITLE = {77th Annual International Meeting},
        PUBLISHER = {Society of Exploration Geophysicists, Expanded Abstracts},
        PAGES = {84-88},
        YEAR = {2007}
}

@incollection{Ottolini.sep.37.59,
	 type={SEP-Report},
	 publisher={Stanford Exploration Project},
	 author={R[ick] Ottolini},
	 classification={migration},
	 title={Velocity Independent Seismic Imaging},
	 year={1983},
	 journal={SEP-Report},
	 booktitle={SEP-37},
	 pages={59--68},
	 comment="",
web={http://sepwww.stanford.edu/oldreports/sep37/37_08.pdf}
}

@ARTICLE{fomel07,
        AUTHOR = {S[] Fomel},
        TITLE = {Velocity-independent time-domain seismic imaging using local event slopes},
        JOURNAL = {Geophysics},
        VOLUME = {72},
        NUMBER={3},
        PAGES = {S139-S147},
        YEAR = {2007}
}

9|2004|WOLF K. ROSALES D. A. GUITTON CLAERBOUT J.|ROBUST MOVEOUT WITHOUT VELOCITY PICKING|47138|Wolf, K.; Rosales, D. A.; Guitton, A.; Claerbout, J. 
2004, Robust moveout without velocity picking: 74th 
@inproceedings{SEG-2004-24232426,
   author = {K[] Wolf and D[] A[] Rosales and A[] Guitton and J[] Claerbout},
   booktitle = {74th Annual International Meeting},
   pages = {2423-2426},
   publisher = {Society of Exploration Geophysicists, Expanded Abstracts},
   title = {Robust moveout without velocity picking},
   year = {2004}}

1|2002|FOMEL S.|APPLICATIONS OF PLANE-WAVE DESTRUCTION FILTERS|43287|Fomel, S. 2002, Applications of plane-wave destruction 
@article{GEO67-06-19461960,
   author = {S[] Fomel},
   journal = {Geophysics},
   number = {06},
   pages = {1946-1960},
   publisher = {Society of Exploration Geophysicists},
   title = {Applications of plane-wave destruction filters},
   volume = {67},
   year = {2002}}

@MISC{mathworld_quadcrv,
   author = {E[] W[] Weisstein},
   title = {"{Q}uadratic {C}urve" From {M}ath{W}orld--{A} {W}olfram {W}eb {R}esource.}, 
   note = {http://mathworld.wolfram.com/QuadraticCurve.html, accessed 14 April 2009},
   year = {2009}
   }

@ARTICLE{hake86,
        title={Slant stacking and its significance for anisotropy},
        author={H[] Hake},
        journal={Geophysical Prospecting},
        year={1986},
        volume={34},
        pages={595-608}
}

1|2002|GRECHKA V. TSVANKIN I.|NMO-VELOCITY SURFACES AND DIX-TYPE FORMULAS IN ANISOTROPIC HETEROGENEOUS MEDIA|43190|Grechka, V.; Tsvankin, I. 2002, NMO-velocity surfaces 
and Dix-type formulas in anisotropic heterogeneous 
@article{GEO67-03-09390951,
   author = {V[] Grechka and I[] Tsvankin},
   journal = {Geophysics},
   number = {03},
   pages = {939-951},
   publisher = {Society of Exploration Geophysicists},
   title = {N{M}{O}-velocity surfaces and {D}ix-type formulas in anisotropic heterogeneous media},
   volume = {67},
   year = {2002}}
