@book{cwp,
  author = 	 {N[orman] Bleistein and J[] W[] Stockwell and J[ack] K[] Cohen},
  title = 	 {Mathematics of Multidimensional Seismic Imaging, 
Migration, and Inversion},
  publisher =  {Springer Verlag},
  year = 	 {2001}
}

@Article{haddon,
  author = 	 {R[] A[] W[] Haddon and P[] W[] Buchen},
  title = 	 {Use of {Kirchhoff's} formula for body wave
		  calculations in the earth},
  journal =	 {Geophys. J. Roy. Astr. Soc.},
  year =	 {1981},
  volume =	 {67},
  pages =	 {587-598}
}

@Article{joint,
  author = 	 {S[ergey] V[asilievich] Goldin and S[ergey]
		  B[orisovich] Fomel},
  title = 	 {Estimation of Reflection Coefficient in {DMO}},
  journal =	 {Russian Geology and Geophysics},
  year =	 {1995},
  volume =	 {36},
  number =	 {4},
  pages =	 {103-115}
}

@Article{me,
  author = 	 {S[ergey] Fomel},
  title = 	 {Kinematically equivalent differential operator for
		  offset continuation of reflected wave seismograms},
  journal =	 {Russian Geology and Geophysics},
  year =	 {1994},
  volume =	 {35},
  number =	 {9},
  pages =	 {122-134}
}

@Book{norm,
  author = 	 {N[orman] Bleistein},
  title = 	 {Mathematical Methods for wave Phenomena},
  publisher = 	 {Academic Press Inc. (Harcourt Brace Jovanovich Publishers)},
  year = 	 {1984},
  address =	 {New York}
}

@Article{hubral,
  author = 	 {P[eter] Hubral and M[artin] Tygel and J[] Schleicher},
  title = 	 {Seismic image waves},
  journal = 	 {Geophys. J. Internat.},
  year = 	 1996,
  volume =	 125,
  pages =	 {431-442}
}

@Article{santos,
  author = 	 {L[] T[] Santos and J[] Schleicher and M[artin] Tygel},
  title = 	 {{2.5-D} true-amplitude offset continuation},
  journal = 	 {J. Seis. Expl.},
  year = 	 1997,
  volume =	 6,
  pages =	 {103-116}
}

