@Article{marfurt,
  author = 	 {S[atinder] Chopra and K[urt] J[] Marfurt},
  title = 	 {Seismic attributes -- {A} historical perspective},
  journal = 	 {Geophysics},
  year = 	 2005,
  volume =	 70,
  pages =	 {3SO-28SO}
}

@book{pvi,
   author = {J[on] F[] Claerbout},
   publisher = {Blackwell Scientific Publications},
   title = {{Earth Soundings Analysis: Processing Versus Inversion}},
   year = {1992}
}

@inproceedings{shape,
   author = {S[] Fomel},
   booktitle = {75th Ann. Internat. Mtg},
   pages = {1673-1676},
   publisher = {Soc. of Expl. Geophys.},
   title = {Shaping regularization in geophysical estimation problems},
   year = {2005}}

@inproceedings{warp,
   author = {S[] Fomel and M[] Backus and K[] Fouad and B[] Hardage and G[] Winters},
   booktitle = {75th Ann. Internat. Mtg},
   pages = {1018-1021},
   publisher = {Soc. of Expl. Geophys.},
   title = {A multistep approach to multicomponent seismic image
  registration with application to a {West} {Texas} carbonate reservoir
  study},
   year = {2005}}

@Article{wiggins,
  author = 	 {R[] Wiggins},
  title = 	 {Minimum entropy deconvolution},
  journal = 	 {Geoexploration},
  year = 	 1978,
  volume =	 16,
  pages =	 {21-25}
}

@inproceedings{diffr,
   author = {S[] Fomel and E[] Landa and M[] T[] Taner},
   booktitle = {76th Ann. Internat. Mtg},
   pages = {2559-2562},
   publisher = {Soc. of Expl. Geophys.},
   title = {Post-stack velocity analysis by 
separation and imaging of seismic diffractions},
   year = {2006}}

@inproceedings{hale,
   author = {D[] Hale},
   booktitle = {76th Ann. Internat. Mtg},
   publisher = {Soc. of Expl. Geophys.},
   title = {Fast local cross-correlations of images},
   pages = {3160-3163},
   year = {2006}}

@Article{shape2,
  author = 	 {S[] Fomel},
  title = 	 {Shaping regularization in geophysical estimation problems},
  journal = 	 {Geophysics},
  year = 	 2006,
  pages =	 {accepted for publication}
}

@Article{nowack,
  author = 	 {M[] P[] Matheney and R[] L[] Nowack},
  title = 	 {Seismic Attenuation Values
Obtained from Instantaneous Frequency Matching and Spectral
Ratios},
  journal = 	 {Geohysical Journal International},
  year = 	 1995,
  volume =	 123,
  pages =	 {1-15}
}

@Book{wolberg,
  author =	 {G[] Wolberg},
  title = 	 {Digital Image Warping},
  publisher = 	 {IEEE Computer Society},
  year = 	 1990
}
