@article{Araya-Polo,
author={[M] Araya-Polo and [F] Rubio and [R] de la Cruz and [M] Hanzich and [J] María Cela and [D] Paolo Scarpazza},
year={2009}, 
title={3D seismic imaging through reverse-time migration on homogeneous and heterogeneous multi-core processors},
journal={Journal of Scientific Programming},
volume={17}, 
pages={186–198}
}

@article{foltinek,
author = {Darren Foltinek and Daniel Eaton and Jeff Mahovsky and Peyman Moghaddam and Ray McGarry},
collaboration = {},
title = {Industrial-scale reverse time migration on {GPU} hardware},
publisher = {SEG},
year = {2009},
journal = {SEG Technical Program Expanded Abstracts},
volume = {28},
number = {1},
pages = {2789-2793},
keywords = {imaging; marine; migration; optimization; parallel},
url = {http://link.aip.org/link/?SGA/28/2789/1},
doi = {10.1190/1.3255428}
}

@inproceedings{Ohmer,
author={[J] Ohmer and [F] Maire and [R] Brown},
year={2005},
title={Implementation of {K}ernel {M}ethods on the {GPU}},
meeting={Digital Image Computing: Techniques and Applications, DICTA'05},
pages={78}
}

@inproceedings{Morton2008,
author={[S] Morton and [T] Cullison and [P] Micikevicius},
title={Experiences with Seismic Imaging on GPUs},
year={2008},
meeting={70th EAGE Conference \& Exhibition},
pages={W08}
}

@article{kuzma,
author = {Heidi Anderson Kuzma and Dave Bremer and James W. Rector},
collaboration = {},
title = {Support vector machines implemented on a graphics processing unit},
publisher = {SEG},
year = {2007},
journal = {SEG Technical Program Expanded Abstracts},
volume = {26},
number = {1},
pages = {2089-2093},
url = {http://link.aip.org/link/?SGA/26/2089/1},
doi = {10.1190/1.2792901}
}



@ARTICLE{Komatitsch,
  author  = {Dimitri Komatitsch and Gordon Erlebacher and Dominik G{\"o}ddeke and David Mich{\'e}a},
  title   = {High-order finite-element seismic wave propagation modeling with {MPI} on a large {GPU} cluster},
  journal = {Journal of Computational Physics},
  volume  = {229},
  pages   = {7692--7714},
  year    = 2010,
  month   = jun,
  doi     = {10.1016/j.jcp.2010.06.024}
}


@techreport{Whitehead,
  author = {Nathan Whitehead and Alex Fit-Florea},
  title	 = {Precision $\&$ {P}erformance: {F}loating {P}oint and {IEEE} 754 {C}ompliance for {NVIDIA} {GPU}s},
  institution = {{NVIDIA} Corporation},
  year = 2011,
  address = {Santa Clara, California, USA}
}

@book{GPUGEMS3,
    author = {Nguyen, Hubert},
    citeulike-article-id = {4873095},
    day = {02},
    howpublished = {Hardcover},
    isbn = {0321515269},
    keywords = {code, gpu, optimization, rendering, volume},
    month = aug,
    posted-at = {2009-06-16 19:44:40},
    priority = {2},
    publisher = {Addison-Wesley Professional},
    title = {{GPU} {G}ems 3},
    year = {2007}
}

@Book{GPUGEMS2,
author = {[M] Pharr and [R] Fernando},
publisher = {Addison-Wesley Professional},
title = {{GPU} {G}ems 2: {P}rogramming techniques for high-performance graphics and general-purpose computation},
year = {2005}
}



@Book{Trefethen,
author={[L] [N[ Trefethen},
title={Finite Difference and Spectral Methods for Ordinary and Partial Differential Equations},
publisher={Cornell University},
year={1996}
}

@Book{Landau,
author={[L] [D] Landau and [E] [M] Lifshitz}, 
year={1986}, 
title={Theory of elasticity, 3rd edition},
publisher={Pergamon Press}
}


@article{Madagascar,
author={[S] Fomel},
title={Madagascar web portal: http://www.reproducibility.org (accessed 9 {F}eb 2012)},
year={2012},
}

@inproceedings{Abdelkhalek,
author={[R] Abdelkhalek and [H] Calandra and [O] Couland and [G] Latu and [J] Roman},
year={2009},
title={Fast seismic modeling and reverse time migration on a {GPU} cluster},
meeting={HPCS09},
booktitle={Proceedings of the 2009 High Performance Computing \& Simulation},
pages={36–43}
}

@inproceedings{Micikevicius,
author={[P] Micikevicius},
year={2009},
title={3{D} {F}inite {D}ifference computation on {GPU}s using {CUDA}},
meeting={GPGPU2},
}

@article{Nakata,
author={[N] Nakata and [T] Tsuji and [T] Matsuoka},
title={Acceleration of computation speed for elastic wave simulation using a {G}raphic {P}rocessing {U}nit},
year={2011},
journal={Exploration Geophysics},
volume={42},
pages={98-104}
}
 
@Article{Cerjan,
author={[C] Cerjan and [C] Kosloff and [R] Kosloff and [M] Reshef},
year={1985},
title={{A} non-reflecting boundary condition for discrete acoustic and elastic wave equation},
journal={Geophysics},
volume={50},
pages={705-708}
}

@Article{Clayton,
author={[R] Clayton and [B] Enquist},
year={1977}, 
title={Absorbing boundary conditions for acoustic and elastic wave equations},
journal={Bulletin of the Seismological Society of America}, 
volume={67}, 
pages={1529-1540}
}

@Article{Thomsen86,
author = {Leon Thomsen},
collaboration = {},
title = {Weak elastic anisotropy},
publisher = {SEG},
year = {1986},
journal = {Geophysics},
volume = {51},
number = {10},
pages = {1954-1966},
url = {http://link.aip.org/link/?GPY/51/1954/1},
doi = {10.1190/1.1442051}
}


@inproceedings{bpdata,
  author={F.J. Billette and S. Brandsberg-Dahl},
  year={2005},
  title={The 2004 {BP} velocity Benchmark},
  meeting={67th Annual Meeting and Convention, EAGE},
  booktitle={Expanded Abstracts},
  pages={B035-B038}
 }


@Article{LumleyCO2,
title={4{D} seismic monitoring of {CO2} sequestration},
year={2010},
author={D[] Lumley},
journal={The Leading Edge},
volume={29},
pages={150-155}
}

@Article{Chadwick2009,
  author={R[]A[] Chadwick and D[] Noy and R[] Arts and O[] Eiken},
  title={Latest time-lapse seismic data from Sleipner yield new insights into CO2 plume development},
  journal={Energy Procedia},
  volume={1},
  pages={2103–2110},
  year={2009}
}
@inproceedings{Tough,
  author={K[] Tough and M[]C[] Riviere and N[]D[] Robinson and P[]A[] Watson},
  year={2010},
  title={Improvements in 3{D} {I}maging over the {A}zeri-{C}hirag-{G}unashli {F}ield, {S}outh {C}aspian {S}ea, {A}zerbaijan},
 	publisher={EAGE},
	meeting={72nd EAGE Conference \& Exhibition},
	pages={K003}, 
}

@Article{Vigh,
  author={D[] Vigh and E[] Starr},
  year=2008,
  title={3{D} prestack plane-wave full-waveform inversion},
  journal={Geophysics},
  volume={73},
  pages={no. 5,VE135-VE144},
}

@inproceedings{SirgueValhall,
  author={L[] Sirgue and J[] Etgen and U[] Albertin},
  title={Frequency-{D}omain {W}aveform {I}nversion using {T}ime-domain {F}inite-difference {M}ethods},
  publisher={EAGE},
  meeting={70th EAGE Conference \& Exhibition},
  year={2008},
  pages={F022}
}

@inproceedings{SavaTony,
	author={T[] Yang and P[] Sava},
	title={Image-domain waveform tomography with two-way wave-equation},
	publisher={Soc. of Expl. Geophys.},
	booktitle={SEG Expanded Abstracts, 30},
	pages={2591-2596},
	year={2011}
}

@Article{SavaEIC,
  author = 	 {P[] Sava and I[] Vasconcelos},
  title = 	 {Extended imaging conditions for wave-equation migration},
  journal = {Geophysical Prospecting},
  year = 	 2010,
  volume =	 59,
  pages =	 {35-55}
}

@book{Claerbout85,
   author = {J[] F[] Claerbout},
   publisher = {Blackwell Scientific},
   title = { Imaging the {E}arth's {I}nterior},
   year = {1985}
}

@inproceedings{Albertin,
   author = {Albertin, U[] and P[] Sava and  J[] Etgen and M[] Maharramov},
   booktitle = {SEG Expanded Abstracts, 25},
   pages = {3009-3013},
   publisher = {Soc. of Expl. Geophys.},
   title = {Adjoint wave-equation velocity analysis},
   year = {2006}
   }
   
@inproceedings{Anderson,
   author = {Anderson, R[] N[] and A[] Boulanger and W[] He and L[] Xu and P[] B[] Flemings and T[] D[] Burkhart and A[] R[] Hoover},
   booktitle = {SEG Expanded Abstracts, 18},
   pages = {868-871},
   publisher = {Soc. of Expl. Geophys.},
   title = {4-{D} time-lapse seismic monitoring in the south {T}imbalier 295 field, {G}ulf of {M}exico},
   year = {1997}}

@inproceedings{Biondi,
   author = {B[] Biondi and P[] Sava},
   booktitle = {SEG Expanded Abstracts, 20},
   pages = {1723-1726},
   publisher = {Soc. of Expl. Geophys.},
   title = {Wave-equation migration velocity analysis},
   year = {1999}}
   
 @inproceedings{Girard,
   author = {Girard, A[] and I[] Vasconcelos},
   booktitle = {SEG Expanded Abstracts, 29},
   pages = {4200-4203},
   publisher = {Soc. of Expl. Geophys.},
   title = {Image-domain time-lapse inversion with extended images},
   year = {2010}}
   
 @inproceedings{Lumley2008,
   author = {Lumley, D[] E[] and D[] Adams and  R[] Wright and D[] Markus and S[] Cole},
   booktitle = {SEG Expanded Abstracts, 27},
   pages = { 2841-2845},
   publisher = {Soc. of Expl. Geophys.},
   title = {Seismic monitoring of {CO}2 geo-sequestration: {R}ealistic capabilities and limitations},
   year = {2008} }
   
 @inproceedings{Shen,
   author = {Shen, P[] and W[] Symes and S[] Morton and H[] Calandra},
   booktitle = {SEG Expanded Abstracts, 24},
   pages = {2249-2252},
   publisher = {Soc. of Expl. Geophys.},
   title = {Differential semblance velocity analysis via shot profile migration},
   year = {2005} }
   
 @inproceedings{Walls,
   author = { Walls, J[] D[] and J[] Dvorkin and B[] A[] Smith},
   booktitle = {SEG Expanded Abstracts, 19},
   pages = {1016-1019},
   publisher = {Soc. of Expl. Geophys.},
   title = {Modeling seismic velocity in {E}kofisk chalk},
   year = {2005} }
   

@Article{Gauthier,
  author = 	 {Gauthier, O[] and J[] Virieux and A[] Tarantola},
  title = 	 {Two-dimensional nonlinear inversion of seismic waveforms - {N}umerical results},
  journal = {Geophysics},
  year = 	 1986,
  volume =	 51,
  pages =	 {1387-1403}
}


@Article{Greaves,
  author = 	 {Greaves, R[] J[] and T[] J[]  Fulp},
  title = 	 {Three-dimensional seismic monitoring of an enhanced oil recovery process},
  journal = 	 {Geophysics},
  year = 	 1987,
  volume =	 52,
  pages =	 { 1175-1187}
}

@Article{Sirgue,
  author = 	 {Sirgue, L[] and R[] G[] Pratt},
  title = 	 {Efficient waveform inversion and imaging: {A} strategy for selecting temporal frequencies},
  journal = 	 {Geophysics},
  year = 	 2004,
  volume =	 69,
  pages =	 { 231-241}
}

@Article{Pratt,
  author = 	 {Pratt, R[] G[]},
  title = 	 {Seismic waveform inversion in the frequency domain, {P}art 1: {T}heory and verification in a physical scale model},
  journal =  {Geophysics},
  year = 	 1999,
  volume =	 64,
  pages =	 {888-901}
}
@Article{SavaVlad,
  author = 	 {Sava, P[] and I[] Vlad},
  title = 	 {Numeric implementation of wave-equation migration velocity analysis operators},
  journal =  {Geophysics},
  year = 	 2009,
  volume =	 {73},
  number=5,
  pages =	 {no. 5, VE145-VE159}
}

@Article{SavaWEMVA1,
  author = 	 {Sava, P[] and B[] Biondi},
  title = 	 {Wave-equation migration velocity analysis - I: Theory},
  journal = 	 {Geophysical Prospecting},
  year = 	 2004,
  volume =	 52,
  pages =	 { 593-606}
}

@Article{Jenkins,
  author = 	 {Jenkins, S[] D[] and M[] W[] Waite and M[] F[] Bee},
  title = 	 {Time-lapse monitoring of the {D}uri steamflood: {A} pilot and case study},
  journal =  {The Leading Edge},
  year = 	 1997,
  volume =	 16,
  pages =	 {1267-1273}
}

@Article{Johnston,
  author = 	 {Johnston, D[] H[] and R[] S[] McKenny and J[] Verbeek and J[] Almond},
  title = 	 {Time-lapse seismic analysis of {F}ulmar Field},
  journal =  {The Leading Edge},
  year = 	 1998,
  volume =	 17,
  pages =	 {1420-1428}
}

@PHDTHESIS{Lumley1995,
author = {D[] E[] Lumley},
title = { Seismic time-lapse monitoring of subsurface fluid flow},
school = {Stanford University},
year = {1995}
}

@Article{Lumley1997,
  author = 	 {D[] E[] Lumley and R[] A[] Behrens and Z[] Wang},
  title = 	 {Assessing the technical risk of a 4{D} seismic project},
  journal =  {The Leading Edge},
  year = 	 1997,
  volume =	 16,
  pages =	 {1287-1291}
}


@Article{sava,
  author = 	 {Paul C[] Sava and B[iondo] Biondi and J[ohn] Etgen},
  title = 	 {Wave-equation migration velocity analysis by focusing diffractions and reflections},
  journal = 	 {Geophysics},
  year = 	 2005,
  volume =	 70,
  pages =	 {U19-U27}
}

@book{Claerbout.bei.95,
   author = {J[on] F[] Claerbout},
   publisher = {Stanford Exploration Project},
   title = {{Basic Earth Imaging}},
   year = {2005}
}

@Article{shape,
  author = 	 {S[] Fomel},
  title = 	 {Shaping regularization in geophysical-estimation
  problems},
  journal = 	 {Geophysics},
  year = 	 2007,
  volume =	 72,
  pages =	 {R29-R36}
}

@inproceedings{shape0,
   author = {S[] Fomel},
   booktitle = {75th Ann. Internat. Mtg},
   pages = {1673-1676},
   publisher = {Soc. of Expl. Geophys.},
   title = {Shaping regularization in geophysical estimation problems},
   year = {2005}}

@incollection{pwc,
	author=	{S[] Fomel and A[] Guitton},
	year=	2005,
	title=	{Model preconditioning by plane-wave construction in geophysical
estimation problems},
	publisher=	{Soc. of Expl. Geophys.},
        pages = {2601-2604},
	booktitle=	{75th Ann. Internat. Mtg}
	}

@inproceedings{attr-seg,
   author = {S[] Fomel},
   booktitle = {76th Ann. Internat. Mtg},
   pages = {1228-1231},
   publisher = {Soc. of Expl. Geophys.},
   title = {Local seismic attributes},
   year = {2006}}

@inproceedings{tury,
   author = {M[] T[] Taner and S[ergey] Fomel and E[vgeny] Landa},
   booktitle = {76th Ann. Internat. Mtg},
   pages = {2401-2404},
   publisher = {Soc. of Expl. Geophys.},
   title = {Prestack separation of seismic diffractions using plane-wave decomposition},
   year = {2006}}

@Article{wiggins,
  author = 	 {R[] Wiggins},
  title = 	 {Minimum entropy deconvolution},
  journal = 	 {Geoexploration},
  year = 	 1978,
  volume =	 16,
  pages =	 {21-25}
}

@inproceedings{this,
   author = {S[ergey] Fomel and E[vgeny] Landa and M[] T[urhan] Taner},
   booktitle = {76th Ann. Internat. Mtg},
   pages = {2559-2562},
   publisher = {Soc. of Expl. Geophys.},
   title = {Post-stack velocity analysis by 
separation and imaging of seismic diffractions},
   year = {2006}}

@book{pvi,
   author = {J[on] F[] Claerbout},
   publisher = {Blackwell Scientific Publications},
   title = {{Earth Soundings Analysis: Processing Versus Inversion}},
   year = {1992}
}

@Article{hubral,
  author = 	 {P[eter] Hubral and M[artin] Tygel and J[] Schleicher},
  title = 	 {Seismic image waves},
  journal = 	 {Geophysical Journal International},
  year = 	 1996,
  volume =	 125,
  pages =	 {431-442}
}

@Article{attr,
  author = 	 {S[] Fomel},
  title = 	 {Local seismic attributes},
  journal = 	 {Geophysics},
  year = 	 2007,
  volume =	 72,
  pages =	 {A29-A33}
}
