@book{Claerbout.blackwell.85,
   author = {J[on] F[] Claerbout},
   publisher = {Blackwell Scientific Publications},
   title = {{Imaging the Earth's Interior}},
   year = {1985}
}

@Article{tam,
  author =       {S[ergey] V[asilievich] Goldin},
  title =        {Estimation of reflection coefficient under migration
                  of converted and monotype waves},
  journal =      {Soviet Geology and Geophysics},
  year =         {1992},
  volume =       {33},
  number =       {4},
  pages =        {76-90}
}

@Article{tygel,
  author =       {M[artin] Tygel and J[org] Schleicher and P[eter] Hubral},
  title =        {Kirchhoff-{H}elmholtz theory in modeling and migration},
  journal =      {Journal of Seismic Exploration},
  year =         1994,
  volume =       3,
  pages =        {203-214}
}



 
