@Book{Biondo,
  author = 	 {B[iondo] Biondi},
  title = 	 {{3-D} Seismic Imaging},
  publisher = 	 {Stanford Exploration Project},
  year = 	 1997
}

@Article{me,
author = {S[ergey] B[orisovich] Fomel},
title = {Method of velocity continuation in the problem of temporal
                  seismic migration},
journal = {Russian Geology and Geophysics},
year = {1994},
volume = {35},
number = {5},
pages = {100-111}
}

@Book{kurant,
  author =      {R[ichard] Courant},
  title =       {Methods of mathematical physics} ,
  publisher =   {Interscience Publishers},
  year =         {1962},
  address =      {New York}
  }

@Article{hubral1,
  author = 	 {P[eter] Hubral and M[artin] Tygel and J[] Schleicher},
  title = 	 {Seismic image waves},
  journal = 	 {Geophysical Journal International},
  year = 	 1996,
  volume =	 125,
  pages =	 {431-442}
}

@Article{hubral2,
  author = 	 {J[] Schleicher and P[eter] Hubral and G[] Hoecht and F[] Liptow},
  title = 	 {Seismic constant-velocity remigration},
  journal = 	 {Geophysics},
  year = 	 1997,
  volume =	 62,
  pages =	 {589-597}
}


@Book{lanc,
  author = 	 {C[ornelius] Lanczos},
  title = 	 {Applied Analysis},
  publisher = 	 {Prentice-Hall},
  year = 	 1956
}

@Book{orszag,
  author = 	 {D[avid] Gottlieb and S[teven] A[] Orszag},
  title = 	 {Numerical Analysis of spectral methods: {Theory} and applications},
  publisher = 	 {SIAM},
  year = 	 1977
}

@Book{boyd,
  author = 	 {J[ohn] P[] Boyd},
  title = 	 {{Chebyshev} and {Fourier} spectral methods},
  publisher = 	 {Springer-Verlag},
  year = 	 1989
}

@Book{faddeev,
  author = 	 {D[] K[] Faddeev and V[] N[] Faddeeva},
  title = 	 {Computational methods of linear algebra},
  publisher = 	 {Dover},
  year = 	 1963
}

@book{Claerbout.bei.95,
   author = {J[on] F[] Claerbout},
   publisher = {Stanford Exploration Project},
   title = {{Basic Earth Imaging}},
   year = {1995}
}
