@Book{yilmaz,
  author =	 {O[] Yilmaz},
  title = 	 {Seismic Data Analysis},
  publisher = 	 {Soc. of Expl. Geophys.},
  year = 	 2000
}

@ARTICLE {harlan,
  author       = {W[illiam] S[] Harlan},
  journal      = {http://billharlan.com/pub/papers/autopick.pdf},
  title        = {Constrained automatic moveout picking from semblances},
  year         = {2001}
}

@Article{thomas,
  author = 	 {T[homas] Deschamps and L[aurent] D[] Cohen},
  title = 	 {Fast extraction of minimal paths in {3D} images and applications to virtual endoscopy},
  journal = 	 {Medical Image Analysis},
  year = 	 2001,
  volume =	 5,
  pages =	 {281-299}
}

@Article{shape,
  author = 	 {S[] Fomel},
  title = 	 {Shaping regularization in geophysical-estimation
  problems},
  journal = 	 {Geophysics},
  pages =	 {R29-R36},
  year = 	 2007,
  volume =	 72
}

@BOOK{lanc,
  author    = {C[ornelius] Lanczos},
  title     = {The variational principles of mechanics},
  publisher = {University of Toronto Press},
  address   = {Toronto},
  year      = {1966}
}
