@article{donoho1995noising,
	author={Donoho, D.L.}, 
	journal={IEEE Transactions on Information Theory}, 
	title={De-noising by soft-thresholding}, 
	year={1995}, 
	month={May}, 
	volume={41}, 
	number={3}, 
	pages={613--627}, 
	doi={10.1109/18.382009}, 
	ISSN={0018-9448},
}

@article{starck2004redundant,
  title={Redundant multiscale transforms and their application for morphological component separation},
  author={Starck, J. and Elad, Michael and Donoho, David},
  journal={Advances in Imaging and Electron Physics},
  volume={132},
  pages={287--348},
  year={2004},
  publisher={Elsevier}
}

@article{starck2005image,
  title={Image decomposition via the combination of sparse representations and a variational approach},
  author={Starck, J. and Elad, M. and Donoho, D.L.},
  journal={IEEE Trans. Image Process. },
  volume={14},
  number={10},
  pages={1570--1582},
  year={2005},
  publisher={IEEE}
}
@article{woiselle20113,
  title={{3-D} Data Denoising and Inpainting with the Low-Redundancy Fast Curvelet Transform},
  author={Woiselle, Arnaud and Starck, J. and Fadili, Jalal},
  journal={J. Math. Imaging Vis. },
  volume={39},
  number={2},
  pages={121--139},
  year={2011},
  publisher={Springer}
}
@article{starck2007undecimated,
  title={The undecimated wavelet decomposition and its reconstruction},
  author={Starck, J. and Fadili, Jalal and Murtagh, Fionn},
  journal={IEEE Trans. Image Process.},
  volume={16},
  number={2},
  pages={297--309},
  year={2007},
  publisher={IEEE}
}

@article{daubechies2010,
    title={Iteratively reweighted least squares minimization for sparse recovery},
    author={Ingrid Daubechies and Ronald DeVore and Massimo Fornasier and Sinan Gunturk},
    journal={Commun. Pure Appl. Math.},
    volume={63},
    number={1},
    year={2010},
    doi={10.1002/cpa.20303}
}


@article{daubechies2004iterative,
    title={An iterative thresholding algorithm for linear inverse problems with a sparsity constraint},
    author={Daubechies, I. and Defrise, M. and De Mol, C.},
    journal={Commun. Pure Appl. Math. },
    volume={57},
    number={11},
    pages={1413--1457},
    year={2004},
    publisher={Wiley Online Library}
}

@article{figueiredo2007gradient,
  title={Gradient projection for sparse reconstruction: Application to compressed sensing and other inverse problems},
  author={Figueiredo, M{\'a}rio AT and Nowak, Robert D and Wright, Stephen J},
  journal={IEEE J. Sel. Top. Signal Process. },
  volume={1},
  number={4},
  pages={586--597},
  year={2007},
  publisher={IEEE}
}

@article{mohimani2009fast,
  title={A Fast Approach for Overcomplete Sparse Decomposition Based on Smoothed L-0 Norm},
  author={G. Hosein Mohimani and Massoud Babaie-Zadeh and Christian Jutten},
  journal={IEEE Transactions on Signal Processing},
  volume={57},
  number={1},
  pages={289--301},
  year={2009},
}


@article{chartrand2007exact,
  title={Exact reconstruction of sparse signals via nonconvex minimization},
  author={Chartrand, Rick},
  journal={IEEE Signal Process. Lett. },
  volume={14},
  number={10},
  pages={707--710},
  year={2007},
  publisher={IEEE}
}


@inproceedings{tikhonov1963solution,
  title={Solution of incorrectly formulated problems and the regularization method},
  author={Tikhonov, Andrey},
  booktitle={Soviet Math. Dokl.},
  volume={5},
  pages={1035--1038},
  year={1963}
}

@article{gholami2011,
  title={A General Framework for Sparsity-based Denoising and Inversion},
  author={Gholami, A. and Hosseini, S.M.},
  journal={IEEE Transactions on Signal Processing},
  volume={59},
  number={11},
  pages={5202--5211},
  year={2011},
}


@article{chartrand-2012-nonconvex,
    author = {Rick Chartrand},
    title = {Nonconvex splitting for regularized low-rank + sparse decomposition},
    year = {2012},
    url = {http://math.lanl.gov/Research/Publications/Docs/chartrand-2012-nonconvex.pdf},
    journal = {IEEE Trans. Signal Process.},
    volume = {60},
    pages = {5810--5819}
}

@inproceedings{chartrand2013generalized,
  author =       {Sergey Voronin and Rick Chartrand},
  title =        {A new generalized thresholding algorithm for inverse problems with sparsity constraints},
  booktitle=       {38th International Conference on Acoustics, Speech, and Signal Processing},
  year =         {2013},
  pages  =       {1636--1640},
  address =      {Vancouver},
  publisher =    {IEEE}
}



@article{elad2007analysis,
    Author = {Elad, Michael and Milanfar, Peyman and Rubinstein, Ron},
    Title = {{Analysis versus synthesis in signal priors}},
    journal={Inverse Probl. },
    Year = {{2007}},
    Volume = {{23}},
    Number = {{3}},
    Pages = {{947--968}},
    Month = {{JUN}},
    DOI = {{10.1088/0266-5611/23/3/007}},
    ISSN = {{0266-5611}},
}


@article{bruce1998block,
  title={Block coordinate relaxation methods for nonparamatric signal denoising},
  author={Bruce, A.G. and Sardy, S. and Tseng, P.},
  journal={Proceedings of SPIE},
  volume={3391},
  pages={75-86},
  year={1998},
}

@article{Elad2005,
    author = {Elad, M and Starck, J and Querre, P and Donoho, D L},
    doi = {10.1016/j.acha.2005.03.005},
    journal = {Applied and Computational Harmonic Analysis},
    title = {Simultaneous cartoon and texture image inpainting using morphological component analysis ({MCA})},
    volume = {19},
    number = {3},
    pages = {340 - 358},
    year = {2005},
    issn = {1063-5203},
    doi = {http://dx.doi.org/10.1016/j.acha.2005.03.005},
}

@book{claerbout1992earth,
  title={Earth soundings analysis: Processing versus inversion},
  author={Claerbout, Jon F},
  volume={6},
  year={1992},
  publisher={Blackwell Scientific Publications Cambridge, Massachusetts, USA}
}

@article{fomel2002applications,
  title={Applications of plane-wave destruction filters},
  author={Fomel, Sergey},
  journal={Geophysics},
  volume={67},
  number={6},
  pages={1946--1960},
  year={2002},
  publisher={Society of Exploration Geophysicists}
}

@article{fomel2010seislet,
  title={Seislet transform and seislet frame},
  author={Fomel, Sergey and Liu, Yang},
  journal={Geophysics},
  volume={75},
  number={3},
  pages={V25--V38},
  year={2010},
  publisher={Society of Exploration Geophysicists}
}

@article{sweldens1998lifting,
  title={The lifting scheme: A construction of second generation wavelets},
  author={Sweldens, Wim},
  journal={SIAM Journal on Mathematical Analysis},
  volume={29},
  number={2},
  pages={511--546},
  year={1998},
  publisher={SIAM}
}


@book{peyre2010advanced,
 title = {Advanced image, signal and surface processing},
 year = {2010},
 author = {Gabriel Peyre},
 url={https://www.ceremade.dauphine.fr/~peyre/numerical-tour/book/},
}


@book{mallat2009,
 title = {A wavelet tour of signal processing},
 year = {2009},
 author = {Stephane Mallat},
 edition={3rd},
 publisher = {Academic Press},
 address = {Boston},
}

@article{chartrand2012,
	author={Chartrand, R.},
	journal={IEEE Transactions on Signal Processing},
	title={Nonconvex Splitting for Regularized Low-Rank + Sparse Decomposition},
	year={2012},
	volume={60},
	number={11},
	pages={5810--5819},
	doi={10.1109/TSP.2012.2208955},
	ISSN={1053-587X}
}

@article{chartrand2013generalized,
  title={Generalized Shrinkage and Penalty Functions},
  author={Chartrand, Rick},
  journal={IEEE Global Conference on Signal and Information Processing},
  year={2013},
}

@inproceedings{chartrand2013nonconvex,
author = {Rick Chartrand and Brendt Wohlberg},
title = {A nonconvex ADMM algorithm for group sparsity with sparse groups},
year = {2013},
month = May,
urlpdf = {http://math.lanl.gov/Research/Publications/Docs/chartrand-2013-nonconvex.pdf},
booktitle = {Proceedings of IEEE International Conference on Acoustics, Speech, and Signal Processing (ICASSP)},
address = {Vancouver, Canada}
}

@article{m8r,
  author = {S. Fomel and P. Sava and I. Vlad and Y. Liu and  V. Bashkardin},
  title = {Madagascar: open-source software project for multidimensional data analysis and reproducible computational experiments},
  journal = 	 {Journal of Open Research Software},
  year = 	 2013,
  volume = 	 1,
  number = 	 1,
  pages = 	 {e8},
  doi =          {http://dx.doi.org/10.5334/jors.ag}
}


@article{yliu2014vdseislet,
  author = {Y. Liu and S. Fomel and C. Liu},
  title = {Velocity-dependent seislet transform and its applications},
  journal = {Personal communication},
  year = {2014}
}

@article{fomel2007shaping,
  title={Shaping regularization in geophysical-estimation problems},
  author={Fomel, Sergey},
  journal={Geophysics},
  volume={72},
  number={2},
  pages={R29--R36},
  year={2007},
  publisher={Society of Exploration Geophysicists}
}
@article{fomel2008nonlinear,
  title={Nonlinear shaping regularization in geophysical inverse problems},
  author={Fomel, Sergey},
  journal={SEG Annual Meeting},
  year={2008},
  pages={2046--2051},
  organization={Society of Exploration Geophysicists}
}

@article{fomel2006regularizing,
  title={Regularizing seismic inverse problems by model reparameterization using plane-wave construction},
  author={Fomel, Sergey and Guitton, Antoine},
  journal={Geophysics},
  volume={71},
  number={5},
  pages={A43--A47},
  year={2006},
  publisher={Society of Exploration Geophysicists}
}

@article{ottolini1983signal,
  title={Signal/noise separation in dip space},
  author={Ottolini, Richard},
  year={1983},
  volume={3},
  pages={143--149},
  journal= {Stanford Exploration Project: SEP report},
}

@article{marfurt2006robust,
  title={Robust estimates of {3D} reflector dip and azimuth},
  author={Marfurt, Kurt J},
  journal={Geophysics},
  volume={71},
  number={4},
  pages={P29--P40},
  year={2006},
  publisher={Society of Exploration Geophysicists}
}

@article{chen2013accelerated,
  title={Accelerated plane-wave destruction},
  author={Chen, Zhonghuan and Fomel, Sergey and Lu, Wenkai},
  journal={Geophysics},
  volume={78},
  number={1},
  pages={V1--V9},
  year={2013},
  publisher={Society of Exploration Geophysicists}
}

@article{chen2013omnidirectional,
  title={Omnidirectional plane-wave destruction},
  author={Chen, Zhonghuan and Fomel, Sergey and Lu, Wenkai},
  journal={Geophysics},
  volume={78},
  number={1},
  pages={V171--V179},
  year={2013},
  publisher={Society of Exploration Geophysicists}
}

@article{mahdad2011separation,
  title={Separation of blended data by iterative estimation and subtraction of blending interference noise},
  author={Mahdad, Araz and Doulgeris, Panagiotis and Blacquiere, Gerrit},
  journal={Geophysics},
  volume={76},
  number={3},
  pages={Q9--Q17},
  year={2011},
  publisher={Society of Exploration Geophysicists}
}

@article{cao2011review,
  title={A review on restoration of seismic wavefields based on regularization and compressive sensing},
  author={Cao, Jingjie and Wang, Yanfei and Zhao, Jingtao and Yang, Changchun},
  journal={Inverse Problems in Science and Engineering},
  volume={19},
  number={5},
  pages={679--704},
  year={2011},
  publisher={Taylor \& Francis}
}

@article{gholami2014non,
  title={Non-convex compressed sensing with frequency mask for seismic data reconstruction and denoising},
  author={Gholami, Ali},
  journal={Geophysical Prospecting},
  year={2014},
  volume={62},
  number={6},
  pages={1389--1405},
  publisher={Wiley Online Library}
}
