@ARTICLE{tariq,
  author  = {T[ariq] Alkhalifah},
  title   = {Acoustic approximations for seismic processing in transversely isotropic media},
  journal = {accepted for Geophysics},
  year    = {1997}
  }

@ARTICLE{tariq2,
  author  = {T[ariq] Alkhalifah},
  title   = {An acoustic wave equation for anisotropic media},
  journal = {SEP-95},
  year    = {1997}
  }

@ARTICLE{eta,
  author  = {T[ariq] Alkhalifah and I[lya] Tsvankin},
  title   = {Velocity analysis for transversely isotropic media},
  journal = {Geophysics},
  volume  = {60},
  pages   = {1550-1566},
  year    = {1995}
}

@Book{press,
  author = 	 {W[] H[] Press and S[] A[] Teukolsky and W[] T[] Vetterling and B[] P[] Flannery},
  title = 	 {Numerical recipes, the art of scientific computing},
  publisher = 	 {Cambridge University Press},
  year = 	 1992,
  address =	 {New York}
}

@ARTICLE{Cohen.ti,
  author  = {J[ack] Cohen},
  title   = {Analytic Study of the Effective Parameters for
       Determination of the NMO Velocity Function in
           Transversely Isotropic Media},
  journal = {Colorado School of Mines,CWP-191},
  year    = {1996}
}
		  
@article{GEO57-03-04780487,
author={Qin, F. and  Luo, Y. and  Olsen, K. B. and  Cai, W. and  Schuster, G. T.},
year={1992},
title={Finite-difference solution of the eikonal equation along expanding wavefronts},
journal={Geophysics},
volume={57},
number={3},
pages={478-487}}
		  
@article{GEO58-09-13491358,
author={Qin, F. and  Schuster, G. T.},
year={1993},
title={First-arrival traveltime calculation for anisotropic media},
journal={Geophysics},
volume={58},
number={9},
pages={1349-1358}}
		  
@article{GEO59-04-06320643,
author={Cao, S. and  Greenhalgh, S. A.},
year={1994},
title={Finite-difference solution of the eikonal equation using an efficient, first-arrival wavefront tracking scheme},
journal={Geophysics},
volume={59},
number={4},
pages={632-643}}
		  
@article{GEO56-06-08120821,
author={van Trier, J. and  Symes, W. W.},
year={1991},
title={Upwind finite-difference calculation of traveltimes},
journal={Geophysics},
volume={56},
number={6},
pages={812-821}}
		  
@article{GEO59-05-08100817,
author={Gray, S. H. and  May, W. P.},
year={1994},
title={Kirchoff migration using eikonal equation traveltimes},
journal={Geophysics},
volume={59},
number={5},
pages={810-817}}

@Book{Sethian,
  author = 	 {J[] A[] Sethian},
  title = 	 {Level Set Methods},
  publisher = 	 {Cambridge University Press},
  year = 	 1996,
  address =	 {New York}
}		  

@article{Shearer,
author={Shearer, P. M. and Chapman, C. H.},
year={1988},
title={Ray tracing in anisotropic media with linear velocity gradient},
journal={Geophys.J. Int.},
volume={94},
number={5},
pages={575--580}}

@article{GEO59-08-12901304,
author={Tsvankin, I. and  Thomsen, L.},
year={1994},
title={Nonhyperbolic reflection moveout in anisotropic media},
journal={Geophysics},
volume={59},
number={8},
pages={1290-1304}}

@article{versteeg93,
author={Versteeg, R. J.},
year={1993},
title={Sensitivity of prestack depth migration to the velocity model},
journal={Geophysics},
volume={58},
number={6},
pages={873-882}}

@article{tariq-nonh,
author={Alkhalifah, T. A.},
year={1997},
title={Velocity analysis using non-hyperbolic
     moveout in 
     transversely isotropic media},
journal={Geophysics, this Nov.-Dec. issue},
volume={},
number={},
pages={}}

@inproceedings{SEG-1994-1125,
author={Harris, Jerry M. and  Dahlhaus, Leon and  Michelena, Reinaldo},
year={1994},
title={P-wave anisotropy in shales from crosswell data},
booktitle={64th Annual Internat. Mtg., Soc. Expl. Geophys., Expanded Abstracts},
publisher={},
volume={94},
pages={1125-1128},
keywords={anisotropy; crosswell; tomography}}

@article{tariq-vzinv,
author={Alkhalifah, T. A.},
year={1997},
title={Seismic Data Processing in vertically inhomogeneous {TI} media },
journal={Geophysics},
volume={62},
number={},
pages={662-675}}

@article{tariq-lat,
author={Alkhalifah, T. A. and Fomel, S. B. and Biondo, B. L.},
year={1997},
title={Time-domain anisotropic processing in arbitrarly inhomogenous media},
journal={SEP-95},
volume={},
number={},
pages={}}

@article{GEO58-04-05640575,
author={Geoltrain, S. and  Brac, J.},
year={1993},
title={Can we image complex structures with first-arrival traveltime?},
journal={Geophysics},
volume={58},
number={4},
pages={564-575}}

@book{DMObook, 
  author={Dave   Hale }, 
  title={Course Notes: Dip Moveout Processing}, 
  year=1991, 
  publisher={Soc. Expl. Geophys.}, 
  pages={130 pp}, 
  address={Tulsa}
	}

@article{tariqds,
author={Alkhalifah, T. and  Fomel, S.},
year={2009},
title={An eikonal based formulation for traveltime perturbation with respect to the source location},
journal={Geophysics, accepted},
volume={},
number={},
pages={}}

@article{CFL,
author={Courant, R. and  Friedrichs, K. and  Lewy, H.},
year={1928},
title={Uber die partiellen Differenzengleichungen der mathematischen Physik},
journal={Math. Ann.},
volume={100},
pages={32-74}}

@article{Born1,
author={Cohen, J. and  Bleistein, N.},
year={1977},
title={Seismic waveform modelling in a 3-D Earth using the Born approximation: potential shortcomings and a remedy
},
journal={J. Appl. Math},
volume={32},
pages={784-799}}

@article{Born2,
author={Panning, M. and  Capdeville, Y. and Romanowicz, A.},
year={2009},
title={An inverse method for determining small variations in propagation speed},
journal={Geophys. J. Int.},
volume={177},
pages={161-178}}


@Book{aki,
  author =       {K[] Aki and P[] G[] Richards},
  title =        {Quantitative seismology: theory and methods},
  publisher =    {W.H. Freeman and Company, Volume I},
  year =         1980,
  address =      {San Francisco}		  
}

@ARTICLE{alkhalifahGJI,
  author  = {T[ariq] Alkhalifah},
  title   = {Acoustic wave equation for a virtual shift in the source location},
  journal = {Geophysical Journal International},
  volume  = {},
  pages   = {submitted},
  year    = {2010}
}