@Article{rickett,
  author = 	 {J[ames] Rickett and L[uca] Duranti and T[om] Hudson and B[ernard] Regel},
  title = 	 {{4D} time strain and the seismic signature of geomechanical compaction at {Genesis}},
  journal = 	 {The Leading Edge},
  year = 	 2007,
  volume = 	 26,
  pages = 	 {644-647}}

@Article{tura,
  author = 	 {A[li] Tura and T[imothy] Barker and P[aul] Cattermole and C[huck] Collins and J[erry] Davis and P[aul] Hatchell and K[laas] Koster and P[eter] Schutjens and P[eter] Wills},
  title = 	 {Monitoring primary depletion reservoirs using amplitudes and time shifts from high-repeat seismic surveys},
  journal = 	 {The Leading Edge},
  year = 	 2005,
  volume = 	 24,
  pages = 	 {1214-1221}}


@Article{hatchell,
  author = 	 {P[] Hatchell and S[] Bourne},
  title = 	 {Rocks under strain: {Strain-induced} time-lapse
time shifts are observed for depleting reservoirs},
  journal = 	 {The Leading Edge},
  year = 	 2005,
  volume = 	 24,
  pages = 	 {1222-1225}}

@Article{stucchi,
  author = 	 {E[] Stucchi and A[] Mazzotti and S[] Ciuffi},
  title = 	 {Seismic preprocessing and amplitude cross-calibration for a
time-lapse amplitude study on seismic data from the {Oseberg} reservoir},
  journal = 	 {Geophysical Prospecting},
  year = 	 2005,
  volume =	 53,
  pages =	 {265-282}
}

@inproceedings{janssen,
   author = {A[aron] L[] Janssen and B[rackin] A[] Smith and G[rant] W[] Byerley},
   booktitle = {76th Ann. Internat. Mtg},
   pages = {3200-3203},
   publisher = {Soc. of Expl. Geophys.},
   title = {Measuring velocity sensitivity to production-induced strain at the {Ekofisk} {Field} using time-lapse time-shifts and compaction logs},
   year = {2006}}

@inproceedings{bertrand,
   author = {A[] Bertrand and S[]  McQuaid and R[] Bobolecki and S[] Leiknes and H[] Ro},
   booktitle = {75th Ann. Internat. Mtg},
   pages = {2422-2426},
   publisher = {Soc. of Expl. Geophys.},
   title = {A high resolution workflow for
{4D}-friendly analysis: application to gas-oil contact monitoring at
{Troll} {West}},
   year = {2005}}

@inproceedings{aarre,
   author = {V[] Aarre},
   booktitle = {76th Ann. Internat. Mtg},
   pages = {3115-3119},
   publisher = {Soc. of Expl. Geophys.},
   title = {Estimating {4D} velocity changes and contact
movement on the {Norne} field},
   year = {2006}}

@inproceedings{attr-seg,
   author = {S[] Fomel},
   booktitle = {76th Ann. Internat. Mtg},
   pages = {1228-1232},
   publisher = {Soc. of Expl. Geophys.},
   title = {Local seismic attributes},
   year = {2006}}

@inproceedings{warp,
   author = {S[] Fomel and M[] Backus and K[] Fouad and B[] Hardage and G[] Winters},
   booktitle = {75th Ann. Internat. Mtg},
   pages = {1018-1021},
   publisher = {Soc. of Expl. Geophys.},
   title = {A
multistep approach to multicomponent seismic image registration with
application to a {West} {Texas} carbonate reservoir study},
   year = {2005}}

@Article{shape,
  author = 	 {S[] Fomel},
  title = 	 {Shaping regularization in geophysical-estimation
  problems},
  journal = 	 {Geophysics},
  year = 	 2007,
  volume =	 72,
  pages =	 {R29-R36}
}

@Article{attr,
  author = 	 {S[] Fomel},
  title = 	 {Local seismic attributes},
  journal = 	 {Geophysics},
  year = 	 2007,
  volume =	 72,
  pages =	 {A29-A33}
}

@inproceedings{hale,
   author = {D[] Hale},
   booktitle = {76th Ann. Internat. Mtg},
   pages = {3160-3163},
   publisher = {Soc. of Expl. Geophys.},
   title = {Fast local cross-correlations of images},
   year = {2006}}

@Book{medical,
  author =	 {J[an] Modersitzki},
  title = 	 {Numerical Methods for Image Registration},
  publisher = 	 {Oxford University Press},
  year = 	 2004
}

