@ARTICLE{kolmog,
  author  = {A[ndr\'{e}] N[] Kolmogoroff},
  title   = {Sur l'interpolation et extrapolation des suites stationnaires},
  journal = {C.R. Acad.Sci.},
  volume  = 208,
  pages   = {2043-2045},
  year    = {1939},
  publisher = {Gauthier-Villars},
  address = {Paris}
}

@article{mywilson,
author={G[] Wilson},
year={1969},
title={Factorization of the covariance generating function of a pure moving average process},
journal={SIAM J. Numer. Anal.},
volume={6},
number={1},
pages={1-7}}

@book{Claerbout.blackwell.92,
   author = {J[on] F[] Claerbout},
   publisher = {Blackwell Scientific Publications},
   title = {{Earth Soundings Analysis: Processing Versus Inversion}},
   year = {1992}
}

@Book{gee,
  author =       {J[on] Claerbout},
  title =        {{G}eophysical estimation by example: {E}nvironmental soundings image enhancement},
  publisher =    {Stanford Exploration Project},
  year =         {1999},
  address =      {http://sepwww.stanford.edu/sep/prof/}
}

@book{Claerbout.bei.95,
   author = {J[on] F[] Claerbout},
   publisher = {Stanford Exploration Project},
   title = {{Basic Earth Imaging}},
   year = {1995}
}

