@Book{cbook,
  author =	 {E[ric] S[] Roberts},
  title = 	 {Programming abstractions in {C}},
  publisher = 	 {Addison-Wesley},
  year = 	 1998
}

