@incollection{huang.spie.96,
   author = {Huang, L.-J., and Wu, R.-S.},
   title = {{3-D} prestack depth migration with acoustic pseudo-screen propagators},
   year = {1996},
   booktitle = {Mathematical methods in geophysical imaging {IV}},
   publisher = {Proc. SPIE: The International Society for Optical Engineering}, 
   pages = {40--51}, 
   address = { },
   keywords = {screen},
   editor = {S[] Hassanzadeh}
}

@incollection{dehoop.jmathphys.96,
  author = 	 {de Hoop, M. V.},
  title = 	 {Generalization of the {B}remmer coupling series},
  year =	 {1996},
  booktitle =	 {J. {M}ath. {P}hys.},
  pages =        {3246--3282},
  volume =	 {}
}

@Article{tam,
  author = 	 {S[ergey] V[asilievich] Goldin},
  title = 	 {Estimation of reflection coefficient under migration
		  of converted and monotype waves},
  journal =	 {Soviet Geology and Geophysics},
  year =	 {1992},
  volume =	 {33},
  number =	 {4},
  pages =	 {76-90}
}

@Article{tygel,
  author = 	 {M[artin] Tygel and J[org] Schleicher and P[eter] Hubral},
  title = 	 {Kirchhoff-{H}elmholtz theory in modeling and migration},
  journal = 	 {Journal of Seismic Exploration},
  year = 	 1994,
  volume =	 3,
  pages =	 {203-214}
}

@book{StolkSymesWEDSO,
author={Stolk, C. C. and Symes, W. W.},
title={ Theory of differential semblance velocity analysis by wave-equation migration },
publisher = {The Rice Inversion Project},
year={2002},
address={ftp://ftp.trip.caam.rice.edu/private/trip/AR00_ps/wemvaseg.ps}
}

@Book{tensor,
  author =	 {J[ohn] L[] Synge and A[] Schild},
  title = 	 {Tensor Calculus},
  publisher = 	 {Dover},
  year = 	 {1978}
}

@Book{cerveny,
  author =	 {V[] {C}erven\'{y}},
  title = 	 {Seismic ray theory},
  publisher = 	 {Cambridge Univ. Press},
  year = 	 {2001}
}

@Book{courant,
  author =      {R[ichard] Courant and D[avid] Hilbert},
  title =       {Methods of mathematical physics},
  publisher =   {John Wiley \& Sons},
  year =        {1989}
  }

@Book{bleistein,
  author =      {N[] Bleistein and J[] Cohen and J[] Stockwell},
  title =       {Mathematics of multidimensional seismic imaging, migration, and inversion},
  publisher =   {Springer},
  year =        {2000}
  }

@inproceedings{Etgen-SEG02,
author={Etgen, J.},
year={2002},
title={Waves, Beams and Dimensions: an illuminating if incoherent view of 
the future of migration},
meeting={72nd Ann. Internat. Mtg},
publisher={Soc. of Expl. Geophys.}
}

@inproceedings{BDEtgen-EAGE03,
author={Brandsberg-Dahl, S. and Etgen, J.},
booktitle = {Abstracts},
pages = {},
publisher = {},
year={2003},
title={Beam-wave migration},
meeting={65th Mtg., Eur. Assoc. Geosc. Eng.}
}

@article{Tariq-tau,
author={Alkhalifah, T. and Fomel, S. and Biondi, B.},
year={2001},
title={The space-time domain: theory and modelling for anisotropic media},
journal={Geophysical Journal International},
volume={144},
pages={105-113}
}

@article{thomson1999,
author= {Thomson, T.},
year={1999},
title={The gap between seismic ray theory and full wavefield extrapolation},
journal={Geophys. J. Int},
publisher={},
volume={137},
pages={364-380}
}

@article{BananaDoghnuts1,
author={F[] A[] Dahlen and S[] H[] Hung and G[] Nolet},
year={2000},
title={Frechet kernels for finite frequency traveltimes---{I}. {T}heory},
journal={Geophys. J. Int.},
volume={141},
number={},
pages={157-174}
}

@article{BananaDoghnuts2,
author={S[] H[] Hung and F[] A[] Dahlen and G[] Nolet},
year={2000},
title={Frechet kernels for finite frequency traveltimes---{II}. {E}xamples},
journal={Geophys. J. Int.},
volume={141},
number={},
pages={175-203}
}

@article{BananaDoghnutsParadox,
author={H[] Marquering and F[] A[] Dahlen and G[] Nolet},
year={1999},
title={Three-dimensional sensitivity kernels for finite-frequency traveltimes: the banana-doghnut paradox},
journal={Geophys. J. Int.},
volume={137},
number={},
pages={805-815}
}


@article{dehoop.wavemotion,
  author = 	 {M[] de Hoop and J[] H[] le Rousseau and R[] S[] Wu},
  title = 	 {Generalization of the phase-screen approximation for the scattering of acoustic waves},
  journal =	 {{W}ave {M}otion},
  year =	 {1996},
  volume =	 {31},
  pages = {43-70}
}

@article{Lomax.1994,
 author = {A[] Lomax},
 year = {1994},
 journal = {Geoph. J. Int.},
 title = {The wavelength-smoothing method for approximating broad-band wave propagation through complicated velocity structures},
 volume = {117},
 pages = {313--334}
 }


@article{Landa.diffractions,
author={V[] Khaidukov and E[] Landa and T[] Moser},
year={2004},
title={Diffraction imaging by focusing-defocusing: an outlook on seismic superresolution},
journal={Geophysics, submitted for publication},
volume={},
pages={}
}

@article{Devaney.ultrasonic.1982,
author = {A[] J[] Devaney},
year={1982},
title={A filtered backprojection algorithm for diffraction tomography},
journal={Ultrasonic Imaging},
volume={4},
pages={336-350}
}

@article{Devaney.optics.1981,
author = {A[] J[] Devaney},
year={1981},
title={Inverse-scattering theory within the Rytov approximation},
journal={{O}ptics {L}ett.},
volume={6},
pages={374-376}
}

@article{Mueller.ultrasonic.1980,
author = {R[] K[] Mueller},
year={1980},
title={Diffraction tomography I: the wave equation},
journal={Ultrasonic Imaging},
volume={2},
pages={213-222}
}

@article{Harris.IEEE.1987,
author = {J[] M[] Harris},
year={1987},
title={Diffraction tomography with arrays of discrete sources and receivers},
journal={{IEEE} trans. {G}eosci. and {R}emote {S}ensing},
volume={25},
pages={448-455}
}

@book{Biondi.3dsi.2004,
   author = {B[iondo] Biondi},
   publisher = {Stanford Exploration Project},
   title = {{3-D Seismic Imaging}},
   year = {2004}
}

@Book{riemann,
  author={Riemann, B},
  year={1953},
  publisher={Dover Publications Inc, New York},
  title={Grundlagen f$\"{u}$r eine allgemeine {T}heorie der {F}unktionen einer ver$\"{a}$nderlichen komplexen Gr$\"{o}$sse (1851), in Collected Works}
}

@Book{karcher,
  author =	 {C[] L[] Karcher},
  title = 	 {The reflection seismograph, its invention and use in the discovery of oil and gas fields},
  publisher = 	 {American Institute of Physics, College Park, MD},
  year = 	 {1973}
}

@book{Claerbout.blackwell.76,
   author = {J[on] F[] Claerbout},
   publisher = {Blackwell},
   title = {Fundamentals of Geophysical Data Processing},
   year = {1976}
}

@book{Claerbout.blackwell.85,
   author = {J[on] F[] Claerbout},
   publisher = {Blackwell Scientific Publications},
   title = {{Imaging the Earth's Interior}},
   year = {1985}
}

@book{Claerbout.blackwell.92,
   author = {J[on] F[] Claerbout},
   publisher = {Blackwell Scientific Publications},
   title = {{Earth Soundings Analysis: Processing Versus Inversion}},
   year = {1992}
}


% ------------------------------------------------------------

@incollection{Fomel.seg.3dadcig,
author = {S[ergey] Fomel},
year={2004},
title={Theory of {3-D} angle gathers in wave-equation imaging},
publisher=	{Soc. of Expl. Geophys.},
booktitle= {74th Ann. Internat. Mtg.},
pages={}
}

@incollection{BiondiShan.segab2002,
   author={B[iondo] Biondi  and  G[uojian] Shan},
   year={2002},
   title={Prestack imaging of overturned reflections by reverse time migration},
   publisher={Soc. of Expl. Geophys.},
   booktitle={72nd Ann. Internat. Mtg.},
   pages={1284--1287}
}

@article{ShanBiondi.tilted,
author = {Guojian Shan and Biondo Biondi},
title = {Imaging overturned waves by plane-wave migration in tilted coordinates}
,
publisher = {SEG},
year = {2004},
journal = {SEG Technical Program Expanded Abstracts},
volume = {23},
number = {1},
pages = {969-972}
}


@article{Sava.gp.wemva1,
  author =  { P[aul] Sava and B[iondo] Biondi },
  title =   { Wave-equation migration velocity analysis - {I}: {Theory} },
  journal = {Geophysical Prospecting},
  volume = {52},
  year =   {2004},
  pages =  {593--606}
}
                                                                                
@article{Sava.gp.wemva2,
  author =  { P[aul] Sava and B[iondo] Biondi },
  title =   {Wave-equation migration velocity analysis - {II}: {Subsalt} imaging examples},
  journal = {Geophysical Prospecting},
  volume = {52},
  year =   {2004},
  pages =  {607--623}
}

@article{Sava.geo.focus,
  author =  { P[aul] Sava and B[iondo] Biondi and J[ohn] Etgen }, 
  title =   {Wave-equation migration velocity analysis by focusing of diffractions and reflections },
  journal = {Geophysics},
  volume = {70},
  year =   {2005},
  number = {3},
  pages =  {in press}
}

@incollection{XieWu.adcig,
author = {Xie, X. and Wu, R.},
year={2002},
title={Extracting angle domain information from migrated wavefield},
publisher=	{Soc. of Expl. Geophys.},
booktitle= {72nd Ann. Internat. Mtg.},
pages={1360--1363}
}

@incollection{Stork.adcig.mva,
author = {Stork, C. and Kitchenside, P. and Yingst, D. and  Kostov, C. and Wilson, B. and Watts, D. and Kapoor, J. and Brown, G. and Albertin, U.},
year={2002},
title={Comparison between angle and offset gathers from wave equation migration and Kirchhoff migration},
publisher=	{Soc. of Expl. Geophys.},
booktitle= {72nd Ann. Internat. Mtg.},
pages={1200--1203}
}

@incollection{Hudec.sigsbee,
author = {Hudec, M. and Jackson, M. and Schultz-Ela, D.},
year={2005},
title={A Compressional Origin for Minibasins Near the {S}igsbee Escarpment, {G}ulf of {M}exico},
booktitle= {AAPG Annual Convention}
}

@incollection{SavaFomel.cag,
author = {Sava, P. and Fomel, S.},
year={2005},
title={Wave-equation common-angle gathers for converted waves},
publisher= {Soc. of Expl. Geophys.},
booktitle= {75th Ann. Internat. Mtg.},
pages={}
}

@incollection{SavaFomel.pag,
author = {Sava, P. and Fomel, S.},
year={2005},
title={Coordinate-independent angle-gathers for wave equation migration},
publisher= {Soc. of Expl. Geophys.},
booktitle= {75th Ann. Internat. Mtg.},
pages={}
}

@incollection{SavaFomel.gim,
author = {Sava, P. and Fomel, S.},
year={2005},
title={Time-shift imaging condition},
publisher= {Soc. of Expl. Geophys.},
booktitle= {75th Ann. Internat. Mtg.},
pages={}
}

@incollection{SavaFomel.rwe,
author = {Sava, P.C. and Fomel, S.},
year={2004},
title={Riemannian wavefield extrapolation},
publisher= {Soc. of Expl. Geophys.},
booktitle= {74th Ann. Internat. Mtg.},
pages={}
}

@incollection{Artman.kimag,
author = {Artman, B. and Fomel, S.},
year={2005},
title={Fourier domain imaging condition for shot-profile migration},
publisher= {Soc. of Expl. Geophys.},
booktitle= {75th Ann. Internat. Mtg.},
pages={}
}

@article{Bartana,
  author =  { Bartana, A. and Kosloff, D. and Ravve, I.}, 
  title =   {On angle-domain common-image gathers by wavefield continuation methods},
  journal = {Geophysics},
  year =   {2005},
  pages =  {submitted}
}

@incollection{Rosales.CWadcig,
author = {Rosales, D. and Biondi, B.},
year={2005},
title={Converted-wave angle-domain common-image gathers.},
publisher= {Soc. of Expl. Geophys.},
booktitle= {75th Ann. Internat. Mtg.},
pages={}
}

@article{clapp.geology,
author = {Robert G. Clapp and Biondo Biondi and Jon F. Claerbout},
collaboration = {},
title = {Incorporating geologic information into reflection tomography},
publisher = {SEG},
year = {2004},
journal = {Geophysics},
volume = {69},
number = {2},
pages = {533-546}
}