@Article{AlBinHassan06,
  author = 	 {N[asher] M[] AlBinHassan and Y[i] Luo and M[ohammed] N[] Al-Faraj},
  title = 	 {{3-D} edge-preserving smoothing and applications},
  journal = 	 {Geophysics},
  year = 	 2006,
  volume =	 71,
  pages =	 {P5-P11}
}

@Article{Bangs04,
  author = 	 {N[] Bangs and T[] Shipley and S[] Gulick and G[] Moore and S[] Kuromoto and Y[] Nakamura},
  title = 	 {Evolution of the {Nankai} {Trough} decollement from the trench into the seismogenic zone: Inferences from {3-D} seismic reflection imaging},
  journal = 	 {Geology},
  year = 	 2004,
  volume =	 32,
  pages =	 {273-276}
}

@Article{Bienati01,
  author = 	 {N[] Bienati and U[] Spagnolini},
  title = 	 {Multidimensional wavefront estimation from differential delays},
  journal = 	 {IEEE Transactions on Geoscience and Remote Sensing},
  year = 	 2001,
  volume =	 39,
  number =	 3,
  pages =	 {655-664}
}

@book{Claerbout92,
   author =       {J[on] F[] Claerbout},
   publisher =    {Blackwell Scientific Publications},
   title =        {{Earth Soundings Analysis: Processing Versus Inversion}},
   year =         {1992}
}

@Book{Claerbout08a,
  author =	 {J[on] F[] Claerbout},
  title = 	 {Basic {Earth} Imaging},
  publisher = 	 {Stanford Exploration Project, 
                 \texttt{http://sepwww.stanford.edu/sep/prof/}},
  year = 	 2008
}

@Book{Claerbout08b,
  author =	 {J[on] F[] Claerbout and S[ergey] Fomel},
  title = 	 {Image {Estimation} by {Example}: {Geophysical} Soundings Image Construction},
  publisher = 	 {Stanford Exploration Project, 
                 \texttt{http://sepwww.stanford.edu/sep/prof/}},
  year = 	 2008
}


@inproceedings{Cambois95,
  author =	 {G[] Cambois and J[] Frelet},
  title = 	 {Can we surgically remove swell noise},
  booktitle =    {65th Annual International Meeting},
  year = 	 {1995},
  publisher =    {SEG, Expanded Abstracts},
  pages =        {1381-1384}
}

@Article{Hocker02,
  author = 	 {C[hristian] H\"{o}cker and G[ijs] Fehmers},
  title = 	 {Fast structural interpretation with structure-oriented filtering},
  journal = 	 {The Leading Edge},
  year = 	 2002,
  volume =	 21,
  pages =	 {238-243}
}

@Book{Dijkstra01,
  author =	 {T[homas] H[] Cormen and C[harles] E[] Leiserson and R[onald] L[] Rivest and C[lifford] Stein},
  title = 	 {Introduction to Algorithms},
  publisher = 	 {MIT Press and McGraw-Hill},
  year = 	 2001
}

@Article{Gulick04,
  author = 	 {S[] Gulick and N[] Bangs and T[] Shipley and Y[] Nakamura and G[] Moore and S[] Kuramoto},
  title = 	 {Three-dimensional architecture of the {Nankai} accretionary prism's imbricate thrust zone off {Cape} {Muroto}, {Japan}: Prism reconstruction via en echelon thrust propagation},
  journal = 	 {Journal of Geophysical Research},
  year = 	 2004,
  volume =	 109,
  pages =	 {B02105}
}

@Article{Bangs05,
  author = 	 {N[] Bangs and T[] Shipley and G[] Moore and C[] Moore and S[] Gulick and S[] Kuramoto and Y[] Nakamura and J[] O[] Park},
  title = 	 {The {3-D} Architecture of the {Nankai} {Trough} Accretionary Wedge and the Development of the Seismogenic Zone},
  journal = 	 {MARGINS Newsletter},
  year = 	 2005,
  volume =	 14,
  pages =	 {1-5, 28}
}

@Article{Bednar83,
  author = 	 {J[] B[] Bednar},
  title = 	 {Applications of median filtering to deconvolution, pulse estimation, and statistical editing of seismic data},
  journal = 	 {Geophysics},
  year = 	 1983,
  volume =	 48,
  pages =	 {1598-1610}
}

@Article{Duncan95,
  author = 	 {G[] Duncan and G[] Beresford},
  title = 	 {Some analyses of {2-D} median f-k filters},
  journal = 	 {Geophysics},
  year = 	 1995,
  volume =	 60,
  pages =	 {1157-1168}
}

@Article{Fehmers03,
  author = 	 {G[ijs] C[] Fehmers and C[hristian] F[] W[] H\"{o}cker},
  title = 	 {Fast structural interpretation with structure-oriented filtering},
  journal = 	 {Geophysics},
  year = 	 2003,
  volume =	 68,
  pages =	 {1286-1293}
}

@Article{Fomel02,
  author = 	 {S[] Fomel},
  title = 	 {Appliations of plane-wave destruction filters},
  journal = 	 {Geophysics},
  year = 	 2002,
  volume =	 67,
  pages =	 {1946-1960}
}

@Article{Fomel07c,
  author = 	 {S[] Fomel and E[] Landa and M[] T[] Taner},
  title = 	 {Post-stack velocity analysis by separation and imaging of seismic diffractions},
  journal = 	 {Geophysics},
  year = 	 2007,
  volume =	 72,
  pages =	\cite{Hale09} gave a structure-oriented semblance method.  {U89-U94}
}

@Article{Fomel07d,
  author = 	 {S[] Fomel},
  title = 	 {Velocity-independent time-domain seismic imaging using local event slopes},
  journal = 	 {Geophysics},
  year = 	 2007,
  volume =	 72,
  pages =	 {S139-S147}
}

@inproceedings{Fomel06a,
  author =	 {S[ergey] Fomel},
  title = 	 {Towards the seislet transform},
  booktitle =    {76th Annual International Meeting},
  year = 	 {2006},
  publisher =    {SEG, Expanded Abstracts},
  pages =        {2847-2851}
}

@Article{Fomel06b,
  author = 	 {S[] Fomel and A[] Guitton},
  title = 	 {Regularizing seismic inverse problems by model reparameterization using plane-wave construction},
  journal = 	 {Geophysics},
  year = 	 2006,
  volume =	 71,
  pages =	 {A43-A47}
}

@Article{Fomel07a,
  author =	 {S[ergey] Fomel},
  title = 	 {Local seismic attributes},
  journal = 	 {Geophysics},
  year = 	 2007,
  volume =	 72,
  pages =	 {A29-A33}
}

@Article{Fomel07b,
  author =	 {S[ergey] Fomel},
  title = 	 {Shaping regularization in geophysical estimation problems},
  journal = 	 {Geophysics},
  year = 	 2007,
  volume =	 72,
  pages =	 {R29-R36}
}

@inproceedings{Fomel08a,
  author =	 {S[ergey] Fomel},
  title = 	 {Predictive painting of {3-D} seismic volumes},
  booktitle =    {78th Annual International Meeting},
  year = 	 {2008},
  publisher =    {SEG, Expanded Abstracts},
  pages =        {864-868}
}

@inproceedings{Fomel08b,
  author =	 {S[ergey] Fomel and Y[ang] Liu},
  title = 	 {Seismic data analysis with one-dimensional seislet frame},
  booktitle =    {78th Annual International Meeting},
  year = 	 {2008},
  publisher =    {SEG, Expanded Abstracts},
  pages =        {2581-2585}
}

@Article{Gulunay00,
  author = 	 {N[] G{\"u}l{\"u}nay},
  title = 	 {Noncausal spatial prediction filtering for random noise reduction on {3-D} poststack data},
  journal = 	 {Geophysics},
  year = 	 2000,
  volume =	 65,
  pages =	 {1641-1653}
}

@Article{Gilboa08,
  author = 	 {G[uy] Gilboa and S[tanley] Osher},
  title = 	 {Nonlocal operators with applications to image processing},
  journal = 	 {Multiscale Model \& Simulation },
  pages =        {1005-1028},
  volume =       7,
  year = 	 2008
}

@inproceedings{Justusson81,
  author = 	 {B[] I[] Justusson},
  title = 	 {Median filtering: {Statistical} properties},
  booktitle =    {{Two}-{Dimensional} {Digital} {Signal} {Processing}, {II}: {Transforms} and {Median} {Filters}},
  year = 	 {1981},
  publisher =    {Springer},
  pages =        {161-196}
}

@Article{Karsli06,
  author = 	 {H[akan] Karsli and D[erman] Dondurur and G[{\"u}nay] {\c C}if{\c c}i},
  title = 	 {Application of complex-trace analysis to seismic data for random-noise suppression and temporal resolution improvement},
  journal = 	 {Geophysics},
  year = 	 2006,
  volume =	 71,
  pages =	 {V79-V86}
}

@Article{Lomask06,
  author = 	 {J[esse] Lomask and A[] Guitton and S[] Fomel and J[] Claerbout and A[] Valenciano},
  title = 	 {Flattening without picking},
  journal = 	 {Geophysics},
  year = 	 2006,
  volume =	 71,
  pages =	 {13-20}
}

@Article{Mayne62,
  author = 	 {W[] H[] Mayne},
  title = 	 {Common reflection point horizontal data stacking techniques},
  journal = 	 {Geophysics},
  year = 	 1962,
  volume =	 27,
  pages =	 {927-938}
}

@Article{Neelamani08,
  author = 	 {R[amesh] Neelamani and A[natoly] I[] Baumstein and D[ominique] G[] Gillard and M[ohamed] T[] Hadidi and W[illiam] I[] Soroka},
  title = 	 {Coherent and random noise attenuation using the curvelet transform},
  journal = 	 {The Leading Edge},
  year = 	 2008,
  volume =	 27,
  pages =	 {240-248}
}

@inproceedings{Hale09,
  author =	 {D[ave] Hale},
  title = 	 {Structure-oriented smoothing and semblance},
  booktitle =    {CWP Report 635},
  year = 	 {2009},
  publisher =    {Colorado School of Mines},
  pages =        {261-270}
}

@inproceedings{Hoeber06,
  author =	 {H[] Hoeber and S[] Brandwood and D[] Whitcombe},
  title = 	 {Structurally consistent filtering},
  booktitle =    {68th Annual International Conference and Exhibition},
  year = 	 {2006},
  publisher =    {EAGE, Expanded Abstracts},
}

@inproceedings{LeMeur03,
  author =	 {D[] Le~Meur and R[] Siliqi and F[] Gamar and L[] Smith and J[] P[] Toure and P[] Herrmann},
  title = 	 {High-density moveout parameter fields v and eta: {Part} two: {Simultaneous} geostatistical filtering},
  booktitle =    {73th Annual International Meeting},
  year = 	 {2003},
  publisher =    {SEG, Expanded Abstracts},
  pages =        {2092-2095}
}

@Article{Lee87,
  author = 	 {Y[] H[] Lee and A[] T[] Fam},
  title = 	 {An edge gradient enhancing adaptive order statistic filter},
  journal = 	 {IEEE Trans. Acoust., Sppch, Signal Processing},
  year = 	 1987,
  volume =	 35,
  pages =	 {680-695}
}

@Article{Liu06,
  author = 	 {C[] Liu and Y[] Liu and B[] Yang and D[] Wang and J[] Sun},
  title = 	 {A {2D} multistage median filter to reduce random seismic noise},
  journal = 	 {Geophysics},
  year = 	 2006,
  volume =	 71,
  pages =	 {V105-V110}
}

@Article{Liu09a,
  author = 	 {Y[] Liu and C[] Liu and D[] Wang},
  title = 	 {A {1-D} time-varying median filter for seismic random, spike-like noise elimination},
  journal = 	 {Geophysics},
  year = 	 2009,
  volume =	 74,
  pages =	 {V17-V24}
}

@Article{Liu09b,
  author = 	 {G[uochang] Liu and S[ergey] Fomel and L[ong] Jin and X[iaohong] Chen},
  title = 	 {Stacking seismic data using local correlation},
  journal = 	 {Geophysics},
  year = 	 2009,
  volume =	 74,
  pages =	 {V43-V48}
}

@Article{Liu97,
  author = 	 {Y[] Liu and C[] Li},
  title = 	 {Some methods for estimating the signal/noise ratio of seismic data},
  journal = 	 {Oil Geophysical Prospecting},
  year = 	 1997,
  volume =	 32,
  pages =	 {257-262 (In Chinese with English abstract)}
}

@Article{Lomask06,
  author = 	 {J[esse] Lomask and A[] Guitton and S[] Fomel and J[] Claerbout and A[] Valenciano},
  title = 	 {Flattening without picking},
  journal = 	 {Geophysics},
  year = 	 2006,
  volume =	 71,
  pages =	 {13-20}
}

@inproceedings{Lu07,
  author =	 {W[] Lu and J[un] Liu},
  title = 	 {Random noise suppression based on discrete cosine transform},
  booktitle =    {77th Annual International Meeting},
  year = 	 {2007},
  publisher =    {SEG, Expanded Abstracts},
  pages =        {2668-2672}
}

@inproceedings{Mi00,
  author =	 {Y[] Mi and G[] F[] Margrave},
  title = 	 {Median filtering in {Kirchhoff} migration for noisy data},
  booktitle =    {70th Annual International Meeting},
  year = 	 {2000},
  publisher =    {SEG, Expanded Abstracts},
  pages =        {822-825}
}

@Article{Ristau01,
  author = 	 {J[] P[] Ristau and W[] M[] Moon},
  title = 	 {Adaptive filtering of random noise in {2-D} geophysical data},
  journal = 	 {Geophysics},
  year = 	 2001,
  volume =	 66,
  pages =	 {342-349}
}

@Article{Robinson70,
  author = 	 {J[] C[] Robinson},
  title = 	 {Statistically optimal stacking of seismic data},
  journal = 	 {Geophysics},
  year = 	 1970,
  volume =	 35,
  pages =	 {436-446}
}

@inproceedings{Zhang03,
  author =	 {R[] Zhang and T[] J[] Ulrych},
  title = 	 {Multiple suppression based on the migration operator and a hyperbolic median filter},
  booktitle =    {73th Annual International Meeting},
  year = 	 {2003},
  publisher =    {SEG, Expanded Abstracts},
  pages =        {1949-1952}
}

@inproceedings{Jenkerson00,
  author =	 {M[] Jenkerson and R[] Houck and M[] Walsh and L[] Combee and A[] D[] Curtis and J[] E[] Martin and N[] Moldoveanu and A[] \"{O}zbek and C[] M[] Sayers and R[] C[] Walker},
  title = 	 {Signal preserving swell noise attenuation using point receiver seismic data},
  booktitle =    {70th Annual International Meeting},
  year = 	 {2000},
  publisher =    {SEG, Expanded Abstracts},
  pages =        {2085-2087}
}

@inproceedings{Parrish05,
  author =	 {J[] F[] Parrish},
  title = 	 {Streamer string waves and swell noise},
  booktitle =    {75th Annual International Meeting},
  year = 	 {2005},
  publisher =    {SEG, Expanded Abstracts},
  pages =        {72-75}
}

@Article{Rashed08,
  author = 	 {M[] A[] Rashed},
  title = 	 {Smart stacking: {A} new CMP stacking technique for seismic data},
  journal = 	 {The Leading Edge},
  pages =        {462-467},
  volume =       27,
  year = 	 2008
}

@Article{Hardie93,
  author = 	 {R[ussell] C[] Hardie and C[harles] G[] Boncelet},
  title = 	 {{LUM} filters: {A} class of {Rank-Order-Based} filters for smoothing and sharpening},
  journal = 	 {IEEE Transactions on Signal Processing},
  pages =        {1061-1076},
  volume =       41,
  year = 	 1993
}

@Article{Schoenberger96,
  author = 	 {M[] Schoenberger},
  title = 	 {Optimum weighted stack for multiple suppression},
  journal = 	 {Geophysics},
  year = 	 1996,
  volume =	 61,
  pages =	 {891-901}
}

@inproceedings{Siliqi07,
  author =	 {R[] Siliqi and P[] Herrmann and A[] Prescott and L[] Capar},
  title = 	 {Automatic dense high order rmo picking},
  booktitle =    {69th Annual International Conference and Exhibition},
  year = 	 {2007},
  publisher =    {EAGE, Expanded Abstracts},
  pages =        {}
}

@inproceedings{Smith99,
  author =	 {J[] G[] Smith},
  title = 	 {Amplitude and phase effects of weather noise},
  booktitle =    {69th Annual International Meeting},
  year = 	 {1999},
  publisher =    {SEG, Expanded Abstracts},
  pages =        {1485-1488}
}

@inproceedings{Stark03,
  author = 	 {T[] Stark},
  title = 	 {Unwrapping instantaneous phase to generate a relative geologic time volume},
  booktitle = 	 {73rd Annual International Meeting},
  year = 	 {2003},
  publisher =    {SEG, Expanded Abstracts},
  pages =        {5019-5022},
}

@Article{Stark04,
  author = 	 {T[] Stark},
  title = 	 {Relative geologic time (age) volume: {R}elating every seismic sample to a geologically reasonable horizon},
  journal = 	 {The Leading Edge},
  pages =        {928-932},
  volume =       23,
  year = 	 2004
}

@inproceedings{Tang07,
  author =	 {Y[] Tang},
  title = 	 {Selective stacking in the reflection-angle and azimuth domain},
  booktitle =    {77th Annual International Meeting},
  year = 	 {2007},
  publisher =    {SEG, Expanded Abstracts},
  pages =        {2320-2324}
}

@inproceedings{Traonmilin08,
  author =	 {Y[] Traonmilin and P[] Herrmann},
  title = 	 {Structurally consistent $f$-$x$ filtering},
  booktitle =    {78th Annual International Meeting},
  year = 	 {2008},
  publisher =    {SEG, Expanded Abstracts},
  pages =        {2642-2646}
}

@inproceedings{Tomasi98,
  author =	 {C[] Tomasi and R[] Manduchi},
  title = 	 {Bilateral filtering for gray and color images},
  booktitle =    {Proceedings of IEEE International Conference on Computer Vision},
  year = 	 {1998},
  publisher =    {IEEE},
  pages =        {836-846}
}

@Article{Tyapkin05,
  author = 	 {Y[uriy] Tyapkin and B[jorn] Ursin},
  title = 	 {Optimum stacking of seismic records with irregular noise},
  journal = 	 {Journal of Geophysics and Engineering},
  pages =        {177-187},
  volume =       2,
  year = 	 2005
}

@Book{Yilmaz01,
  author =	 {O[] Yilmaz},
  title = 	 {Seismic data analysis: Processing, inversion, and interpretation of seismic data},
  publisher = 	 {SEG},
  year = 	 2001
}

@inproceedings{Whitcombe08,
  author =	 {D[avid] N Whitcombe and L[inda] Hodgson and H[enning] Hoeber and Z[hou] Yu},
  title = 	 {Frequency dependent, structurally conformable filtering},
  booktitle =    {78th Annual International Meeting},
  year = 	 {2008},
  publisher =    {SEG, Expanded Abstracts},
  pages =        {2617-2621}
}

@inproceedings{Watts99,
  author =	 {D[] R[] Watts and A[] J[] Deighan and C[] Riedel},
  title = 	 {Attenuation of marine wave swell noise by stacking in the wavelet packet domain},
  booktitle =    {69th Annual International Meeting},
  year = 	 {1999},
  publisher =    {SEG, Expanded Abstracts},
  pages =        {120-123}
}