

@Misc{harlan,
  author =	 {W. S. Harlan},
  title =	 {Rytov/Eikonal approximation of wavepaths},
  howpublished = {http://www.billharlan.com},
  month =	 {April},
  year =	 1998
}

@InCollection{kosovichev97,
  author = 	 {Kosovichev, A.G., and Duvall, T.L. },
  title = 	 {Acoustic Tomography of Solar Convective Flows and
                  Structures}, 
  booktitle = 	 {Solar Convection and Oscillations and their
                  Relationship},
  pages =	 241,
  publisher =	 {Kluwer},
  year =	 1997,
  editor =	 {F. Pijpers and C. Rosenthal},
  address =	 {Boston}
}

@article{stork92,
  author =	 {Stork, C.},
  year =	 {1992},
  title =	 {Reflection tomography in the postmigrated domain},
  journal =	 {Geophysics},
  volume =	 {57},
  number =	 {5},
  pages =	 {680-692}
}

@Book{morsefeshbach,
  author =	 {P. M. Morse and H. Feshbach},
  title = 	 {Methods of Theoretical Physics},
  publisher = 	 {McGraw-Hill},
  year = 	 1953,
  address =	 {New York}
}

@article{kosloff96,
  author =	 {Kosloff, D. and Sherwood, J. and Koren, Z. and
                  MacHet, E. and Falkovitz, Y.},
  year =	 1996,
  title =	 {Velocity and interface depth determination by
                  tomography of depth migrated gathers},
  journal =	 {Geophysics},
  volume =	 61,
  number =	 5,
  pages =	 {1511-1523}
}

@Article{marquering99,
  author =	 {H. Marquering and F. A. Dahlen and G. Nolet},
  title =	 {Three-dimensional sensitivity kernels for
                  finite-frequency traveltimes: the banana-doughnut
                  paradox},
  journal =	 {Geophys. J. Int.},
  year =	 1999,
  volume =	 137,
  pages =	 {805-815}
}

@Book{tarantola,
  author =	 {A. Tarantola},
  title =	 {Inverse Problem Theory},
  publisher =	 {Elsevier},
  year =	 1987,
  address =	 {Amsterdam}
}

@inproceedings{Biondi.segab99,
  author =	 {B[iondo] Biondi and P[aul] Sava},
  year =	 {1999},
  title =	 {Wave-equation migration velocity analysis},
  publisher =	 {Soc. Expl. Geophys.},
  pages =	 {1723-1726},
  meeting =	 {69th Ann. Internat. Meeting}
}

@Article{marquering98,
  author =	 {H. Marquering and F. A. Dahlen and G. Nolet},
  title =	 {Three-dimensional waveform sensitivity kernels},
  journal =	 {Geophys. J. Int.},
  year =	 1998,
  volume =	 132,
  pages =	 {521-534}
}

@article{bishop85,
  author =	 {Bishop, T. N. and Bube, K. P. and Cutler, R. T. and
                  Langan, R. T. and Love, P. L. and Resnick, J. R. and
                  Shuey, R. T. and Spindler, D. A. and Wyld, H. W.},
  year =	 {1985},
  title =	 {Tomographic determination of velocity and depth in
                  laterally varying media },
  journal =	 {Geophysics},
  volume =	 {50},
  number =	 {06},
  pages =	 {903-923},
  keywords =	 {Gauss-Newton},
  notes =	 {Slide set available from SEG Publications
                  Department}
}

@Article{beydoun88,
  author =	 {W. B. Beydoun and A. Tarantola},
  title =	 {First {Born} and {Rytov} approximations: Modeling
                  and inversion conditions in a canonical example},
  journal =	 {J. Acoust. Soc. Am.},
  year =	 1988,
  volume =	 83,
  number =	 3,
  month =	 {March}
}

@Article{woodward92,
  author =	 {M. J. Woodward},
  title =	 {Wave-equation tomography},
  journal =	 {Geophysics},
  year =	 {1992},
  volume =	 57,
  number =	 1,
  pages =	 {15-26}
}

@Book{arfken,
  author =	 {G. Arfken},
  title =	 {Mathematical Methods for Physicists},
  publisher =	 {Academic Press Inc.},
  year =	 1985,
  address =	 {San Diego},
  edition =	 {3rd}
}

