@article{Tygel,
author={M[artin] Tygel and J[org] Schleicher and P[eter] Hubral},
year={1994},
title={Pulse distortion in depth migration},
journal={Geophysics},
volume={59},
number={10},
pages={1561-1569}
}

@article{abma,
author={S[cott] MacKay and  R[aymond] Abma},
year={1992},
title={Imaging and velocity estimation with depth-focusing analysis},
journal={Geophysics},
volume={57},
number={12},
pages={1608-1622},
keywords={prestack depth migration}
}

@Inbook{alekseev,
  author =       {A[] V[] Belonosova and A[natolii] S[] Alekseev},
  title =        {About one formulation of the inverse kinematic
                  problem of seismics for a two-dimensional
                  continuously heterogeneous medium},
  booktitle =    {Some methods and algorithms for interpretation of
                  geophysical data  (in {Russian})},
  publisher =    {Nauka},
  year =         {1967},
  city =         {Moscow},
  pages =        {137-154}
}


@SEPREPORT{amo,
title={Azimuth moveout: the operator parameterization and antialiasing},
author={S[ergey] Fomel and B[iondo] Biondi},
pages={89-108},
type={SEP-Report},
organization={SEP},
year={1995},
journal={SEP-Report},
volume={89}
}

@Book{grad,
  author =       {I[] S[] Gradshtein and I[] M[] Ryzhik},
  title =        {Table of integrals, series, and products},
  publisher =    {Boston: Academic Press},
  year =         {1994}
}

@SEPREPORT{joint,
title={Finite-difference migration and velocity transform by velocity
                  continuation},
author={S[ergey] Fomel and J[on] Claerbout},
pages={},
type={SEP-Report},
organization={SEP},
year={1996},
journal={SEP-Report},
volume={92}
}

@Book{kurant2,
  author =      {R[ichard] Courant and D[avid] Hilbert},
  title =       {Methods of mathematical physics},
  publisher =   {John Wiley \& Sons},
  year =         1989
  }


@Article{them,
  author =       {F[rank] Liptow and P[eter] Hubral},
  title =        {Migrating around in circles},
  journal =      {The Leading Edge},
  year =         {1995},
  volume =       {14},
  number =       {11},
  pages =        {1125-1127}
}

@inproceedings{etgen, 
  author={J[ohn] T[] Etgen}, 
  year={1993},
  title={Interval velocity estimation using residual prestack
migration}, 
  booktitle={63rd Annual Internat. Mtg., Soc. Expl. Geophys.,
Expanded Abstracts}, 
  publisher={}, 
  volume={93}, 
  pages={669-672}
}

@Article{OC,
  author =       {S[ergey] Fomel},
  title =        {Kinematically equivalent differential operator for
                  offset continuation of reflected wave seismograms},
  journal =      {Russian Geology and Geophysics},
  year =         {1994},
  volume =       {35},
  number =       {9},
  pages =        {122-134}
}

@Article{mihai,
  author =       {A[lexander] M[ihai] Popovici}, 
  title = {Prestack migration by split-step {DSR}}, 
  journal =      {submitted to Geophysics}, 
  year = {1997}
}


