@incollection{shurtleff,
	 author = {R[] N[] Shurtleff},
	 booktitle = {Presented at the 46th Annual EAGE Mtg., London},
	 title = {An {F-K} procedure for prestack migration and migration velocity analysis},
         publisher = {EAGE},
	 year = {1984}
	}



@Article{sandf,
  author = 	 {P[aul] Sava and S[ergey] Fomel},
  title = 	 {Wave-equation angle-domain common-image gathers},
  journal = 	 {Geophysics, in press},
  year = 	 2003
}

@incollection{adlerSEG,
	 author = { Frank Adler},
	 booktitle = {70th Annual Internat. Mtg., Soc. Expl. Geophys., Expanded Abstracts},
	 pages = {988--991},
	 publisher = {Soc. Expl. Geophys.},
	 title = {Kirchhoff image propagation},
	 year = {2000}
	}


@book{hong,
  title = 	 {Dynamic residual prestack depth migration for common offset gathers},
  author =	 {Hong Liu and G[] McMechan},
  publisher = {UTD Report},
  address =	 {Dallas},
  year =	 1996
}

@Article{first,
  author = 	 {S[ergey] Fomel},
  title = 	 {Velocity continuation and the anatomy of residual prestack time migration},
  journal = 	 {Geophysics, submitted for publication},
  year = 	 {2003}
}

@Article{second,
  author = 	 {S[ergey] Fomel},
  title = 	 {Time migration velocity analysis by velocity continuation},
  journal = 	 {Geophysics, submitted for publication},
  year = 	 {2003}
}

@Article{ofcon,
  author = 	 {S[ergey] Fomel},
  title = 	 {Theory of differential offset continuation},
  journal = 	 {Geophysics, in press},
  year = 	 {2003}
}

@Article{adler,
  author = 	 {F[rank] Adler},
  title = 	 {Kirchhoff image propagation},
  journal = 	 {Geophysics},
  year = 	 2002,
  volume =       67,
  number =       01,
  pages =        {126-134}
}

@incollection{sava,
	 author = {P[aul] Sava},
	 booktitle = {70th Annual Internat. Mtg., Soc. Expl. Geophys., Expanded Abstracts},
	 pages = {992-995},
	 publisher = {Soc. Expl. Geophys.},
	 title = {Prestack {Stolt} residual migration for migration velocity analysis},
	 year = {2000}
	}

@book{dmo,
author={D[ave] Hale},
year={1991},
title={Course notes: Dip moveout processing},
city={Tulsa},
publisher={Soc. Expl. Geophys.},
pages={130 pp}
}

@Article{me,
author = {S[ergey] B[orisovich] Fomel},
title = {Method of velocity continuation in the problem of temporal
                  seismic migration},
journal = {Russian Geology and Geophysics},
year = {1994},
volume = {35},
number = {5},
pages = {100-111}
}

@Article{hubral,
  author = 	 {P[eter] Hubral and M[artin] Tygel and J[] Schleicher},
  title = 	 {Seismic image waves},
  journal = 	 {Geophysical Journal International},
  year = 	 1996,
  volume =	 125,
  pages =	 {431-442}
}

@book{Claerbout.blackwell.85,
   author = {J[on] F[] Claerbout},
   publisher = {Blackwell Scientific Publications},
   title = {{Imaging the Earth's Interior}},
   year = {1985}
}

@book{Berkhout.mig.14A.1985,
   author = {A[] J[] Berkhout},
   publisher = {Elsevier, Amsterdam},
   title = {Seismic Migration: {Imaging} of Acoustic Energy by Wave Field Extrapolation},
   year = {1985}
}


@book{yilmaz,
   author = {O[] Yilmaz},
   publisher = {Soc. of Expl. Geophys.},
   title = {Seismic {D}ata {A}nalysis},
   year = {2001}}

@book{Claerbout.blackwell.76,
   author = {J[on] Claerbout},
   publisher = {Blackwell},
   title = {Fundamentals of Geophysical Data Processing},
   year = {1976}
}

@book{Claerbout.bei.95,
   author = {J[on] F[] Claerbout},
   publisher = {Stanford Exploration Project},
   title = {{Basic Earth Imaging}},
   year = {1995}
}
