@incollection{heeger,
	author    = { D[avid] J[] Heeger and J[] R[] Bergen },
	title     = { Pyramid-based texture analysis/synthesis}, 
	year      = {1995},
	booktitle = {Computer Graphics Proceedings},
        publisher = {Computer Graphics},
	pages     = {229-238}
}

@incollection{simoncelli,
	author = {E[ero] Simoncelli and J[avier] Portilla},
	title  = {Texture Characterization via Joint Statistics of Wavelet Coefficient Magnitudes},
	year   = 1998,
	booktitle = {5th IEEE Int'l Conf on Image Processing},
        publisher = {IEEE},
	address   = {Chicago}
}

@incollection{claerbout-brown,
	author = {J[on] Claerbout and M[organ] Brown},
	title  = {Two-dimensional textures and prediction-error filters},
	year   = 1999,
	booktitle = {61st Ann. Mtg., Eur. Assoc. Expl. Geophys.},
        publisher = {EAGE},
	address   = {Helsinki}
}

@book{castleman,
	author    = { K[enneth] R[] Castleman},
	title     = { Digital Image Processing},
	publisher = { Prentice-Hall, Inc.},
	year      = { 1996},
	address   = { Upper Saddle River, NJ}
}

@Booklet{brown-mao,
	title  = {PSYCH 267 Final Project - Texture Synthesis},
	author = {M[organ] Brown and S[huguang] Mao},
	year   = {1998},
	howpublished = { http://sepwww.stanford.edu/sep/morgan/texturematch/}
}

@Book{bracewell,
	author     = {R[onald] N[] Bracewell},
	title      = {The Fourier Transform and its Applications},
	publisher  = {WCB/McGraw-Hill},
	year       = {1986}
}

@incollection{caers-journel,
	author   = {J[ef] Caers and A[ndre] G Journel},
	title    = {Stochastic reservoir modeling using neural networks trained on outcrop data.}, 
	year     = 1998,
	booktitle = {SPE Annual Technical Conference and Exhibition},
        publisher = {SPE},
	address  = {New Orleans},
	pages    = {49026}
}

@incollection{malzbender-spach,
	author    = {T[homas] Malzbender and S[usan] Spach},
	title     = {A Context Sensitive Texture Nib},
	year      = {1993},
	booktitle = {Proceedings of Computer Graphics International},
        publisher = {Computer Graphics},
	pages     = {151-163}
}

@book{IEEE,
	author   = {{IEEE}},
	title    = {{IEEE} Standard Glossary of Image Processing and Pattern Recognition Terminology, Standard 610.4-1990},
	publisher= {IEEE Press},
	year     = {1990},
	address  = {New York}
}

@Booklet{gee,
  title  = {{G}eophysical {E}stimation by {E}xample: {E}nvironmental soundings image enhancement},
  author = {J. Claerbout},
  howpublished    = {http://sepwww.stanford.edu/sep/prof/},
  year   =   1998
}

@article{helix,
	author  = {J[on] F[] Claerbout},
	year    = {1998},
	title   = {Multi-dimensional recursive filtering via the helix},
	journal = {Geophysics},
	volume  = {63},
	number  = {5},
	pages   = {1532-1541}
}

@Book{fgdp,
  author    = {J[on] F[] Claerbout},
  title     = {Fundamentals of {G}eophysical {D}ata {P}rocessing},
  publisher = {Blackwell},
  year      = {1976}
}

@Book{strang,
	author    = { G[ilbert] Strang and T[ruoung] Nguyen},
	title     = { Wavelets and {F}ilter {B}anks},
	year      = {1997},
	publisher = { Wellesley-Cambridge Press}
}
 
@Booklet{3dsi,
	title     = { 3-D Seismic Imaging},
	author    = { B[iondo] Biondi},
	year      = { 1997},
	howpublished  = { http://sepwww.stanford.edu/sep/biondo/Lectures}
}

