@PhdThesis{Abma95,
  author = 	 {R[ay] Abma},
  title = 	 {Least-squares separation of signal and noise with multidimensional filters},
  school = 	 {Stanford University},
  year = 	 1995
}

@PhdThesis{Crawley00,
  author = 	 {S[ean] Crawley},
  title = 	 {Seismic trace interpolation with nonstationary prediction-error filters},
  school = 	 {Stanford University},
  year = 	 2000
}

@inproceedings{Crawley99,
  author =	 {S[] Crawley and J[] Claerbout and R[] Clapp},
  title = 	 {Interpolation with smoothly nonstationary prediction-error filters},
  booktitle =    {69th Annual International Meeting},
  year = 	 {1999},
  publisher =    {SEG, Expanded Abstracts},
  pages =        {1154-1157}
}

@PhdThesis{Guitton05,
  author = 	 {A[ntoine] Guitton},
  title = 	 {Multidimenstion seismic noise attenuation},
  school = 	 {Stanford University},
  year = 	 2005
}

@Article{Abma05,
  author = 	 {R[] Abma and N[] Kabir},
  title = 	 {Comparisons of interpolation methods},
  journal = 	 {The Leading Edge},
  year = 	 2005,
  volume =	 24,
  pages =	 {984-989}
}

@Article{Naghizadeh09,
  author = 	 {M[ostafa] Naghizadeh and M[auricio] D[] Sacchi},
  title = 	 {f-x adaptive seismic-trace interpolation},
  journal = 	 {Geophysics},
  year = 	 2009,
  volume =	 74,
  pages =	 {V9-V16}
}

@Article{Kabir95,
  author = 	 {M[] M[] N[] Kabir and D[] J[] Verschuur},
  title = 	 {Restoration of missing offsets by parabolic Radon transform},
  journal = 	 {Geophysical Prospecting},
  year = 	 1995,
  volume =	 43,
  pages =	 {347-368}
}

@Article{Hindriks00,
  author = 	 {K[] Hindriks and A[] Duijndam},
  title = 	 {Reconstruction of 3-{D} seismic signals irregularly sampled along two spatial coordinates},
  journal = 	 {Geophysics},
  year = 	 2000,
  volume =	 65,
  pages =	 {253-263}
}

@PhdThesis{Schonewille00,
  author = 	 {M[] A[] Schonewill},
  title = 	 {Fourier reconstruction of irregularly sampled seismic data},
  school = 	 {Delft University of Technology},
  year = 	 2000
}

@Article{Naghizadeh10a,
  author = 	 {M[ostafa] Naghizadeh and M[auricio] D[] Sacchi},
  title = 	 {Beyond alias hierarchical scale curvelet interpolation of regularly and irregularly sampled seismic data},
  journal = 	 {Geophysics},
  year = 	 2010,
  volume =	 {75},
  pages =	 {WB189-WB202}
}

@Article{Naghizadeh10b,
  author = 	 {M[ostafa] Naghizadeh and M[auricio] D[] Sacchi},
  title = 	 {Robust reconstruction of aliased data using autoregressive spectral estimates},
  journal = 	 {Geophysical Prospecting},
  year = 	 2010,
  volume =	 {58},
  pages =	 {1049-1062}
}

@book{Claerbout10,
   author =       {J[on] F[] Claerbout},
   publisher =    {Stanford Exploration Project, http://sepwww.stanford.edu/sep/prof/},
   title =        {Image estimation by example: {G}eophysical soundings image construction - {M}ultidimensional autoregression},
   year =         {2010}
}

@book{Claerbout92,
   author =       {J[on] F[] Claerbout},
   publisher =    {Blackwell Scientific Publications},
   title =        {{Earth Soundings Analysis: Processing Versus Inversion}},
   year =         {1992}
}

@Article{Hestenes52,
  author = 	 {M[agnus] R[] Hestenes and E[duard] Stiefel},
  title = 	 {Methods of conjugate gradients for solving linear systems},
  journal = 	 {Journal of Research of the National Bureau of Standards},
  year = 	 1952,
  volume =	 49,
  pages =	 {409-436}
}

@inproceedings{Huard96,
  author =	 {I[] Huard and S[] Medina and S[] Spitz},
  title = 	 {{F-XY} wavefiedl de-aliasing for acquisition configurations leading to coarse sampling},
  booktitle =    {58th Annual International Meeting},
  year = 	 {1996},
  publisher =    {EAGE, Expanded Abstracts},
  pages =        {B039}
}

@Article{Fomel07,
  author = 	 {S[ergey] Fomel},
  title = 	 {Shaping regularization in geophysical-estimation problems},
  journal = 	 {Geophysics},
  year = 	 2007,
  volume =	 72,
  pages =	 {R29-R36}
}

@Article{Fomel09,
  author = 	 {S[ergey] Fomel},
  title = 	 {Adaptive multiple subtraction using regularized nonstationary regression},
  journal = 	 {Geophysics},
  year = 	 2009,
  volume =	 74,
  pages =	 {V25-V33}
}

@Book{Tikhonov63,
  author =	 {A[] N[] Tikhonov},
  title = 	 {{Solution of Incorrectly Formulated Problems and the Regularization Method}},
  publisher = 	 {Soviet Mathematics -- Doklady},
  year = 	 1963,
  pages =        {1035-1038}
}

@Article{Abma06,
  author = 	 {R[] Abma and N[] Kabir},
  title = 	 {{3D} interpolation of irregular data with a {POCS} algorithm},
  journal = 	 {Geophysics},
  year = 	 2006,
  volume =	 71,
  pages =	 {E91-E97}
}

@inproceedings{Biondi02,
  author =       {B[iondo] Biondi and I[oan] Vlad},
  booktitle =    {72nd Annual International Meeting},
  pages =        {2170-2173},
  publisher =    {SEG, Expanded Abstracts},
  title =        {Amplitude preserving prestack imaging of irregularly sampled {3-D} data},
  year =         {2002}
}

@Article{Bolondi82,
  author = 	 {G[] Bolondi and E[] Loinger and F[] Rocca},
  title = 	 {Offset continuation of seismic sections},
  journal = 	 {Geophysical Prospecting},
  year = 	 1982,
  volume =	 30,
  pages =	 {813-828}
}

@Article{Bleistein00,
  author = 	 {N[] Bleistein and H[] Jaramillo},
  title = 	 {A platform for Kirchhoff data mapping in scalar models of data acquisition},
  journal = 	 {Geophysical Prospecting},
  year = 	 2000,
  volume =	 48,
  pages =	 {135-161}
}

@Book{Claerbout09,
  author =	 {J[on] F[] Claerbout},
  title = 	 {Basic Earth Imaging},
  publisher = 	 {Stanford Exploration Project, 
                 \texttt{http://sepwww.stanford.edu/sep/prof/}},
  year = 	 2009
}

@Article{Candes05,
  author = 	 {E[mmanuel] J[] Cand\'{e}s and L[aurent] Demanet},
  title = 	 {The Curvelet Representation of Wave Propagators is
Optimally Sparse},
  journal = 	 {Communications on Pure and Applied Mathematics},
  volume =	 58,
  year = 	 2005,
  pages =	 {1472-1528}
}

@inproceedings{Curry03,
  author =	 {W[illiam] Curry},
  title = 	 {Interpolation of irregularly sampled data with nonstationary, multiscale prediction-error filters},
  booktitle =    {73th Annual International Meeting},
  year = 	 {2003},
  publisher =    {SEG, Expanded Abstracts},
  pages =        {1913-1916}
}

@inproceedings{Curry04,
  author =	 {W[illiam] Curry},
  title = 	 {Interpolation with multi-shifted-scale prediction-error filters},
  booktitle =    {74th Annual International Meeting},
  year = 	 {2004},
  publisher =    {SEG, Expanded Abstracts},
  pages =        {2005-2008}
}

@inproceedings{Curry06,
  author =	 {W[illiam] Curry},
  title = 	 {Interpolating diffracted multiples with prediction-error filters},
  booktitle =    {76th Annual International Meeting},
  year = 	 {2006},
  publisher =    {SEG, Expanded Abstracts},
  pages =        {2709-2712}
}

@inproceedings{Curry08,
  author =	 {W[illiam] Curry and G[uojian] Shan},
  title = 	 {Interpolation of near offsets using multiples and prediction-error filters},
  booktitle =    {78th Annual International Meeting},
  year = 	 {2008},
  publisher =    {SEG, Expanded Abstracts},
  pages =        {2421-2424}
}

@Article{Daubechies98,
  author = 	 {I[ngrid] Daubechies and W[im] Sweldens},
  title = 	 {Factoring wavelet transforms into lifting steps},
  journal = 	 {The Journal of Fourier Analysis and Application},
  year = 	 1998,
  volume =	 4,
  pages =	 {247-269}
}
@Article{donoho,
  author = 	 {D[] L[] Donoho},
  title = 	 {De-noising by soft-thresholding},
  journal = 	 {IEEE Trans. on Inform. Theory},
  year = 	 1995,
  volume =	 41,
  pages =	 {613-627}
}

@Article{douma,
  author = 	 {H[uub] Douma and M[aarten] V[] de~Hoop},
  title = 	 {Leading-order seismic imaging using curvelets},
  journal = 	 {Geophysics},
  year = 	 2007,
  volume =	 72,
  pages =	 {S231-S248}
}

@PhdThesis{dessing,
  author = 	 {F[] J[] Dessing},
  title = 	 {A Wavelet Transform Approach to
Seismic Processing},
  school = 	 {Delft University
of Technology},
  year = 	 1997
}

@incollection {athome,
   author = {W[] Sweldens and P[] Schr\"{o}der},
   title = {Building your own wavelets at home},
   booktitle = {Wavelets in Computer Graphics},
   publisher = {ACM SIGGRAPH Course Notes},
   pages = {15-87},		  
   year = 1996
  }

@Book{jpeg2000,
  author = 	 {T[inku] Acharya and P[ing]-S[ing] Tsai},
  title = 	 {{JPEG2000} Standard for Image Compression: {Concepts}, Algorithms and {VLSI} Architectures},
  publisher = 	 {Wiley-Interscience},
  year = 	 2004}

@ARTICLE{Herrmann2007Let,
AUTHOR = {F.J. Herrmann and Deli Wang and Gilles Hennenfent and Peyman Moghaddam},
TITLE = {Curvelet-based seismic data processing: a multiscale and nonlinear approach},
YEAR = 2008,
journal = {Geophysics},
volume = {73},
pages = {A1-A5}
}

@ARTICLE{chauris,
AUTHOR = {H[erv\'{e}] Chauris and T[ruong] Nguyen},
TITLE = {Seismic demigration/migration in the curvelet domain},
YEAR = 2008,
journal = {Geophysics},
volume = {73},
pages = {S35-S46}
} 

@Article{Cohen92,
  author = 	 {A[] Cohen and I[] Daubechies and J[] Feauveau},
  title = 	 {Biorthogonal bases of compactly supported wavelets},
  journal = 	 {Communications on Pure and Applied Mathematics},
  year = 	 1992,
  volume =	 45,
  pages =	 {485-560}
}

@Article{Deregowski81,
  author = 	 {S[] M[] Deregowski and F[] Rocca},
  title = 	 {Geometrical optics and wave theory of constant offset sections in layered median},
  journal = 	 {Geophysical Prospecting},
  year = 	 1981,
  volume =	 29,
  pages =	 {374-406}
}

@Article{Salvador82,
  author = 	 {L[] Salvador and S[] Savelli},
  title = 	 {Offset continuation for seismic stacking},
  journal = 	 {Geophysical Prospecting},
  year = 	 1982,
  volume =	 30,
  pages =	 {829-849}
}

@PhdThesis{Dessing97,
  author = 	 {F[] J[] Dessing},
  title = 	 {A Wavelet Transform Approach to Seismic Processing},
  school = 	 {Delft University of Technology},
  year = 	 1997
}

@Article{Daubechies04,
  author = 	 {I[] Daubechies and M[] Defries and C[] De~Mol},
  title = 	 {An iterative thresholding algorithm for linear inverse problems with a sparsity constraint},
  journal = 	 {Comm. Pure Appl. Math.},
  year = 	 2004,
  volume =	 LVII,
  pages =	 {1413-1457}
}

@Article{Do05,
  author = 	 {M[] N[] Do and M[] Vetterli},
  title = 	 {The contourlet transform: an efficient directional multiresolution image representation},
  journal = 	 {IEEE Trans. Image Process.},
  year = 	 2005,
  volume =	 14,
  pages =	 {2091-2106}
}

@Article{Herrmann08,
  author = 	 {F[elix] J[] Herrmann and G[illes] Hennenfent},
  title = 	 {Non-parametric seismic data recovery with curvelet frames},
  journal = 	 {Geophysical Journal International},
  year = 	 2008,
  volume =	 173,
  pages =	 {233-248}
}

@PhdThesis{Fomel00a,
  author = 	 {S[ergey] Fomel},
  title = 	 {Three-dimensinal seismic data regularization},
  school = 	 {Ph.D. thesis, Stanford University},
  year = 	 2000
}

@PhdThesis{Fomel01a,
  author = 	 {S[ergey] Fomel},
  title = 	 {Three-dimensinal seismic data regularization},
  school = 	 {Ph.D. thesis, Stanford University},
  year = 	 2001
}

@Article{Fomel01,
  author = 	 {S[] Fomel and N[] Bleistein},
  title = 	 {Amplitude preservation for offset continuation: {Confirmation} for {Kirchhoff data}},
  journal = 	 {Journal of Seismic Exploration},
  year = 	 2001,
  volume =	 10,
  pages =	 {121-130}
}

@Article{Fomel02,
  author = 	 {S[] Fomel},
  title = 	 {Applications of plane-wave destruction filters},
  journal = 	 {Geophysics},
  year = 	 2002,
  volume =	 67,
  pages =	 {1946-1960}
}

@Article{Fomel03a,
  author = 	 {S[] Fomel},
  title = 	 {Seismic reflection data interpolation with differential offset and shot continuation},
  journal = 	 {Geophysics},
  year = 	 2003,
  volume =	 68,
  pages =	 {733-744}
}

@inproceedings{Fomel03b,
  author =	 {S[] Fomel},
  title = 	 {Differential azimuth moveout},
  booktitle =    {73th Annual International Meeting},
  year = 	 {2003},
  publisher =    {SEG, Expanded Abstracts},
  pages =        {2068-2071a}
}

@inproceedings{Fomel06,
  author =	 {S[] Fomel},
  title = 	 {Towards the seislet transform},
  booktitle =    {76th Annual International Meeting},
  year = 	 {2006},
  publisher =    {SEG, Expanded Abstracts},
  pages =        {2847-2851a}
}

@inproceedings{Fomel08-1,
  author =	 {S[] Fomel},
  title = 	 {Nonlinear shaping regularization in geophysical inverse problems},
  booktitle =    {78th Ann. Internat. Mtg.},
  year = 	 {2008},
  publisher =    {Soc. Expl. Geophys.},
  pages =        {2046-2051}
}

@inproceedings{Fomel08-2,
  author =	 {S[ergey] Fomel and Y[ang] Liu},
  title = 	 {Seismic data analysis with one-dimensional seislet frame},
  booktitle =    {78th Annual International Meeting},
  year = 	 {2008},
  publisher =    {SEG, Expanded Abstracts},
  pages =        {2581-2585}
}

@Article{Fomel10,
  author = 	 {S[ergey] Fomel and Y[ang] Liu},
  title = 	 {Seislet transform and seislet frame},
  journal = 	 {Geophysics},
  year = 	 2010,
  volume =	 {},
  pages =	 {Accepted}
}

@inproceedings{Foster94,
  author =	 {D[] J[] Foster and C[] C[] Mosher and S[] Hassanzadeh}, 
  title = 	 {Wavelet transform methods for geophysical applications},
  booktitle =    {64th Ann. Internat. Mtg.},
  year = 	 {1994},
  publisher =    {Soc. Expl. Geophys.},
  pages =        {1465-1468}
}

@Article{French74,
  author = 	 {W[illiam] S[] French},
  title = 	 {Two-dimensional and three-dimensional migration of model-experiment reflection profiles},
  journal = 	 {Geophysics},
  year = 	 1974,
  volume =	 39,
  pages =	 {265-277}
}

@inproceedings{Lian01,
  author =	 {C[] Lian and K[] Chen and H[] Chen and L[] Chen},
  title = 	 {Lifting based discrete wavelet transform architecture for {JPEG2000}},
  booktitle =    {The 2001 IEEE International Symposium on Circuits and Systems},
  year = 	 {2001},
  publisher =    {IEEE},
  pages =        {II445-II448}
}

@Article{Liu04,
  author = 	 {B[in] Liu and M[auricio] D[] Sacchi},
  title = 	 {Minimum weighted norm interpolation of seismic records},
  journal = 	 {Geophysics},
  year = 	 2004,
  volume =	 69,
  pages =	 {1560-1568}
}

@Book{mallat,
  author =	 {S[téphane] Mallat},
  title = 	 {A Wavelet Tour of Signal Processing, the Sparse way},
  publisher = 	 {Academic Press, Third Edition},
  year = 	 2009,
  pages =        {Third Edition}
}

@Book{Hale91,
  author =	 {D[] Hale},
  title = 	 {Dip Moveout Processing},
  publisher = 	 {SEG, Course Notes Series 4},
  year = 	 1991,
  pages =        {}
}

@Article{Pennec05,
  author = 	 {E[] L[] Pennec and S[] Mallat},
  title = 	 {Sparse geometrical image representation with bandelets},
  journal = 	 {IEEE Trans. Image Process.},
  year = 	 2005,
  volume =	 14,
  pages =	 {423--438}
}

@Article{Shannon98,
  author = 	 {C[] E[] Shannon},
  title = 	 {Communication in the presence of noise},
  journal = 	 {Proceedings of the IEEE},
  year = 	 1998,
  volume =	 86,
  pages =	 {447-457}
}

@Article{Starck00,
  author = 	 {J[] L[] Starck and E[] J[] Cand\'{e}s and D[] L[] Donoho},
  title = 	 {The Curvelet Transform for Image Denoising},
  journal = 	 {IEEE Trans. Image Process.},
  year = 	 2000,
  volume =	 11,
  pages =	 {670-684}
}

@inproceedings{Sweldens95,
    author =     {W[] Sweldens},
    title =      {The Lifting Scheme: A New Philosophy in Biorthogonal Wavelet Constructions},
    booktitle =  {Wavelet Applications in Signal and Image Processing III},
    editor =     {A. F. Laine and M. Unser},
    publisher =  {Proc.\ SPIE~2569},
    year =       {1995},
    pages =      {68-79}
   }

@PhdThesis{Velisavljevic05,
  author = 	 {V[] Velisavljevic},
  title = 	 { Directionlets: anisotropic multi-directional representation with separable filtering},
  school = 	 {Ecole Polytechnique F\'{e}d\'{e}rale de Lausanne},
  year = 	 2005
}

@Article{Wapenaar05,
  author = 	 {K[ees] Wapenaar and R[anajit] Ghose and G[errit] Toxopeus and J[acob] Fokkema},
  title = 	 {The wavelet transform as a tool for geophysical data integration},
  journal = 	 {Integrated Computer-Aided Engineering},
  year = 	 2005,
  volume =	 12,
  pages =	 {5-23}
}

@Article{Wu02,
  author = 	 {A[] Wu and S[] Cao},
  title = 	 {Random noise suppression of seismic signal using orthogonal multiwavelets},
  journal = 	 {Oil Geophys. Prosp.},
  year = 	 2002,
  volume =	 37,
  pages =	 {473-476 (In Chinese with English abstract)}
}

@Article{Zwartjes06,
  author = 	 {P[] Zwartjes and A[] Gisolf},
  title = 	 {Fourier reconstruction of marine-streamer data in four spatial coordinates},
  journal = 	 {Geophysics},
  year = 	 2006,
  volume =	 71,
  pages =	 {V171-V186}
}

@Article{Yu07,
  author = 	 {Z[hou] Yu and J[ohn] Ferguson and G[eorge] McMechan and P[hil] Anno},
  title = 	 {Wavelet-Radon domain dealiasing and interpolation of seismic data},
  journal = 	 {Geophysics},
  year = 	 2007,
  volume =	 72,
  pages =	 {V41-V49}
}

@Article{Liu10,
  author = 	 {Y[ang] Liu and S[ergey] Fomel},
  title = 	 {{OC}-seislet: seislet transform construction with differential offset continuation},
  journal = 	 {Geophysics},
  year = 	 2010,
  volume =	 {In press},
  pages =	 {}
}

@Article{Ferguson06,
  author = 	 {R[] J[] Ferguson},
  title = 	 {Regularization and datuming of seismic data by weighted, damped least squares},
  journal = 	 {Geophysics},
  year = 	 2006,
  volume =	 71,
  pages =	 {U67-U76}
}

@Article{Ferguson10,
  author = 	 {R[obert] J[] Ferguson},
  title = 	 {Efficient simultaneous wave-equation statics and trace regularization by series approximation},
  journal = 	 {Geophysics},
  year = 	 2010,
  volume =	 75,
  pages =	 {U19-U28}
}

@Article{Naghizadeh07,
  author = 	 {M[ostafa] Naghizadeh and M[auricio] D[] Sacchi},
  title = 	 {Multistep autoregressive reconstruction of seismic records},
  journal = 	 {Geophysics},
  year = 	 2007,
  volume =	 72,
  pages =	 {V111-V118}
}

@Article{Berkhout06,
  author = 	 {A[] J[] Berkhout and D[] J[] Verschuur},
  title = 	 {Focal transformation, an imaging concept for signal restoration and noise removal},
  journal = 	 {Geophysics},
  year = 	 2006,
  volume =	 71,
  pages =	 {A55-A59}
}

@Article{Xu05,
  author = 	 {S[heng] Xu and Y[u] Zhang and D[on] Pham and G[illes] Lambar\'{e}},
  title = 	 {Antileakage {Fourier} transform for seismic data regularization},
  journal = 	 {Geophysics},
  year = 	 2005,
  volume =	 70,
  pages =	 {V87-V95}
}

@Article{Zwartjes07,
  author = 	 {P[] Zwartjes and A[] Gisolf},
  title = 	 {Fourier reconstruction with sparse inversion},
  journal = 	 {Geophysical Prospecting},
  year = 	 2007,
  volume =	 55,
  pages =	 {199-221}
}

@Article{Bangs04,
  author = 	 {N[] Bangs and T[] Shipley and S[] Gulick and G[] Moore and S[] Kuromoto and Y[] Nakamura},
  title = 	 {Evolution of the {Nankai} {Trough} decollement from the trench into the seismogenic zone: Inferences from {3-D} seismic reflection imaging},
  journal = 	 {Geology},
  year = 	 2004,
  volume =	 32,
  pages =	 {273-276}
}

@Article{Gulick04,
  author = 	 {S[] Gulick and N[] Bangs and T[] Shipley and Y[] Nakamura and G[] Moore and S[] Kuramoto},
  title = 	 {Three-dimensional architecture of the {Nankai} accretionary prism's imbricate thrust zone off {Cape} {Muroto}, {Japan}: Prism reconstruction via en echelon thrust propagation},
  journal = 	 {Journal of Geophysical Research},
  year = 	 2004,
  volume =	 109,
  pages =	 {B02105}
}

@Article{Bangs05,
  author = 	 {N[] Bangs and T[] Shipley and G[] Moore and C[] Moore and S[] Gulick and S[] Kuramoto and Y[] Nakamura and J[] O[] Park},
  title = 	 {The {3-D} Architecture of the {Nankai} {Trough} Accretionary Wedge and the Development of the Seismogenic Zone},
  journal = 	 {MARGINS Newsletter},
  year = 	 2005,
  volume =	 14,
  pages =	 {1-5, 28}
}

@inproceedings{Spagnolini96,
  author =	 {U[] Spagnolini and S[] Opreni},
  title = 	 {{3-D} shot continuation operator},
  booktitle =    {66th Annual International Meeting},
  year = 	 {1996},
  publisher =    {SEG, Expanded Abstracts},
  pages =        {439-442}
}

@inproceedings{Watts99,
  author =	 {D[] R[] Watts and A[] J[] Deighan and C[] Riedel},
  title = 	 {Attenuation of marine wave swell noise by stacking in the wavelet packet domain},
  booktitle =    {69th Annual International Meeting},
  year = 	 {1999},
  publisher =    {SEG, Expanded Abstracts},
  pages =        {120-123}
}
@Article{me,
  author = {S[ergey] B[orisovich] Fomel},
  title = {Kinematically equivalent differential operator for offset
		  continuation of seismic sections},
  journal = {Russian Geology and Geophysics},
  year = {1994},
  volume = {35},
  number = {9},
  pages = {122-134}
}

@Book{ab,
  author = 	 {M[arko] Petkovsek and H[erbert] S[] Wilf and D[oron] Zeilberger},
  title = 	 {{$A=B$}},
  publisher = 	 {A K Peters Ltd.},
  year = 	 1996,
  address =	 {Wellesley, MA}
}

@book{Biondi.3dsi.99,
   author = {B[iondo] L[] Biondi},
   publisher = {Stanford Exploration Project},
   title = {{3-D Seismic Imaging}},
   year = {1999}
}

@book{Claerbout.blackwell.92,
   author = {J[on] F[] Claerbout},
   publisher = {Blackwell Scientific Publications},
   title = {{Earth Soundings Analysis: Processing Versus Inversion}},
   year = {1992}
}

@Book{gee,
  author =       {J[on] Claerbout},
  title =        {{G}eophysical estimation by example: {E}nvironmental soundings image enhancement},
  publisher =    {Stanford Exploration Project},
  year =         {1999},
  address =      {http://sepwww.stanford.edu/sep/prof/}
}

@Article{stovas,
  author =       {A[lexey] M[ikhailovich] Stovas and S[ergey]
                  B[orisovich] Fomel},
  title =        {Kinematically equivalent integral {DMO} operators},
  journal =      {Russian Geology and Geophysics},
  year =         1996,
  volume =       37,
  number =       2,
  pages =        {102-113}
}

@book{Claerbout.fgdp.76,
   author = {J[on] F[] Claerbout},
   publisher = {Blackwell},
   title = {Fundamentals of Geophysical Data Processing},
   year = {1976}
}

@book{Claerbout.blackwell.85,
   author = {J[on] F[] Claerbout},
   publisher = {Blackwell Scientific Publications},
   title = {{Imaging the Earth's Interior}},
   year = {1985}
}

@Book{golub,
  author = 	 {G[ene] H[] Golub and C[harles] F[] {Van~Loan}},
  title = 	 {Matrix Computations},
  publisher = 	 {The John Hopkins University Press},
  year = 	 1996
}
