@Article{james,
  author = 	 {J[] Rickett and P[] Sava},
  title = 	 {Offset and angle-domain common image point gathers for shot-profile migration},
  journal = 	 {Geophysics},
  year = 	 2002,
  volume =	 67,
  pages =	 {883-889}
}

@Article{paul,
  author = 	 {P[] Sava and S[] Fomel},
  title = 	 {Angle-domain common-image gathers by wavefield continuation methods},
  journal = 	 {Geophysics},
  year = 	 2003,
  volume =	 68,
  number =	 3
}

@incollection{wu,
	   author = {X[] B[] Xie and R[] S[] Wu},
	   booktitle = {72nd Ann. Internat. Mtg, Soc. Expl. Geophys., Expanded Abstracts},
	   pages = {1360-1363},
	   publisher = {Soc. of Expl. Geophys.},
	   title = {Extracting angle domain information from migrated wavefield},
	   year = {2002}
	}

@incollection{stork,
	   author = {C[] Stork and P[] Kitchenside and D[] Yingst and U[] Albertin and C[] Kostov and B[] Wilson and D[] Watts and J[] Kapoor and G[] Brown},  
	   booktitle = {72nd Ann. Internat. Mtg, Soc. Expl. Geophys., Expanded Abstracts},
	   pages = {1200-1203},
	   publisher = {Soc. of Expl. Geophys.},
	   title = {Comparison between angle and offset gathers from wave equation migration and {Kirchhoff} migration},
	   year = {2002}
	}

@Article{new,
  author = 	 {B[] Biondi and W[] Symes},
  title = 	 {Angle-domain common-image gathers for migration velocity analysis by wavefield-continuation methods},
  journal = 	 {Geophysics},
  volume = {69},
  pages = {1283-1298},
  year = 	 2004
}

@incollection{newseg,
	   author = {B[] Biondi and T[] Tisserant and W[] Symes},
	   booktitle = {73rd Ann. Internat. Mtg, Soc. Expl. Geophys., Expanded Abstracts},
	   publisher = {Soc. of Expl. Geophys.},
	   title = {Wavefield-continuation angle-domain common-image gathers for migration velocity analysis},
	   year = {2003}
	}

@incollection{goldin,
	   author = {S[ergey] V[] Goldin},
	   booktitle = {72nd Ann. Internat. Mtg, Soc. Expl. Geophys., Expanded Abstracts},
	   pages = {2333-2336},
	   publisher = {Soc. of Expl. Geophys.},
	   title = {Theoretical aspects of {3-D} {DMO}},
	   year = {2002}
}

@incollection{symes,
	   author = {C[] C[] Stolk and W[] W[] Symes},
	   booktitle = {72nd Ann. Internat. Mtg, Soc. Expl. Geophys., Expanded Abstracts},
	   pages = {1129-1132},
	   publisher = {Soc. of Expl. Geophys.},
	   title = {Artifacts in {Kirchhoff} common image gathers},
	   year = {2002}
}

@Article{xu,
  author = 	 {S[] Xu and H[] Chauris and G[] Lambar\'{e} and M[] Noble},
  title = 	 {Common-angle migration: {A} strategy for imaging complex media},
  journal = 	 {Geophysics},
  year = 	 2001,
  volume =	 66,
  number =	 6,
  pages =	 {1877-1894}
}

@Article{hoop,
  author = 	 {S[] Brandsberg-Dahl and M[] V[] de~Hoop and B[] Ursin},
  title = 	 {Focusing in dip and {AVA} compensation on scattering-angle/azimuth common image gathers},
  journal = 	 {Geophysics},
  year = 	 2003,
  volume =	 68,
  pages =	 {232-254}
}

@incollection{stolk,
  author = 	 {C[] Stolk and M[] V[] de~Hoop},
  title = 	 {Seismic inverse scattering in the "wave-equation" approach},
  booktitle =  {CWP-417},
  publisher =  {Colorado School of Mines},
  year = 	 2002
}

@incollection{naraz,
	   author = {B[] Biondi},
	   booktitle = {73rd Ann. Internat. Mtg, Soc. Expl. Geophys., Expanded Abstracts},
	   publisher = {Soc. of Expl. Geophys.},
	   title = {Narrow-azimuth migration of marine streamer data},
	   year = {2003}
	}
 
@Article{symes2,
  author = 	 {C[] C[] Stolk and W[] W[] Symes},
  title = 	 {Kinematic artifacts in prestack depth migration},
  journal = 	 {Geophysics},
  year = 	 2004,
  volume =	 69,
  pages =	 {562-575}
}

@Book{biondi,
  author =	 {B[] L[] Biondi},
  title = 	 {3-{D} Seismic Imaging},
  publisher = 	 {Soc. Expl. Geophys.},
  year = 	 2006
}

@ARTICLE{etgen,
  author = {J[] Etgen and S[] H[] Gray and Y[] Zhang},
  title = {An overview of depth imaging in exploration geophysics},
  journal = {Geophysics},
  year = {2009},
  volume = {74},
  number = {6},
  publisher = {SEG},
  pages = {WCA5-WCA17}
}

@incollection{cig,
	   author = {P[] C[] Sava and S[] Fomel},
	   booktitle = {75th Ann. Internat. Mtg, Soc. Expl. Geophys., Expanded Abstracts},
	   pages = {2052-2055},
	   publisher = {Soc. of Expl. Geophys.},
	   title = {Coordinate-independent
  angle-gathers for wave equation migration},
	   year = {2005}
}

@ARTICLE{tsic,
  author = {P[] C[] Sava and S[] Fomel},
  title = {Time-shift imaging condition in seismic migration},
  journal = {Geophysics},
  year = {2006},
  volume = {71},
  pages = {S209-S217}
}

@incollection{tariq,
	   author = {T[] Alkhalifah and S[] Fomel},
	   booktitle = {79th Ann. Internat. Mtg, Soc. Expl. Geophys., Expanded Abstracts},
	   pages = {2899-2903},
	   publisher = {Soc. of Expl. Geophys.},
	   title = {Angle gathers in wave-equation imaging for {VTI} media},
	   year = {2009}
}

@incollection{exxon,
	   author = {M[ingqiu] Luo and R[ongrong] Lu and G[raham] Winbow and L[orie] Bear},
	   booktitle = {80th Ann. Internat. Mtg, Soc. Expl. Geophys., Expanded Abstracts},
	   pages = {3247-3251},
	   publisher = {Soc. of Expl. Geophys.},
	   title = {A comparison of methods for obtaining local image gathers in depth migration},
	   year = {2010}
}

@incollection{western,
	   author = {M[adhav] Vyas and E[verett] Mobley and D[ave] Nichols and J[uan] Perdomo},
	   booktitle = {80th Ann. Internat. Mtg, Soc. Expl. Geophys., Expanded Abstracts},
	   pages = {3252-3256},
	   publisher = {Soc. of Expl. Geophys.},
	   title = {Angle gathers for {RTM} using extended imaging conditions},
	   year = {2010}
}

@incollection{veritas,
	   author = {S[heng] Xu and Y[u] Zhang and B[ing] Tang},
	   booktitle = {80th Ann. Internat. Mtg, Soc. Expl. Geophys., Expanded Abstracts},
	   pages = {3257-3262},
	   publisher = {Soc. of Expl. Geophys.},
	   title = {{3D} common image gathers from Reverse time migration},
	   year = {2010}
}

@Article{biondianis,
  author = 	 {B[] Biondi},
  title = 	 {Angle-domain common-image gathers from anisotropic migration},
  journal = 	 {Geophysics},
  year = 	 2007,
  volume =	 72,
  pages =	 {581-591}
}
