@article{claerbout1971toward,
  title={Toward a unified theory of reflector mapping},
  author={Claerbout, Jon F},
  journal={Geophysics},
  volume={36},
  number={3},
  pages={467--481},
  year={1971},
  publisher={Society of Exploration Geophysicists}
}
@article{claerbout1986imaging,
  title={Imaging the Earth's interior},
  author={Claerbout, JF},
  journal={Geophysical Journal of the Royal Astronomical Society},
  volume={86},
  number={1},
  pages={217--217},
  year={1986},
  publisher={Wiley Online Library}
}
@article{ji2006cgg,
  title={CGG method for robust inversion and its application to velocity-stack inversion},
  author={Ji, Jun},
  journal={Geophysics},
  volume={71},
  number={4},
  pages={R59--R67},
  year={2006},
  publisher={Society of Exploration Geophysicists}
}
@article{cerjan1985nonreflecting,
  title={A nonreflecting boundary condition for discrete acoustic and elastic wave equations},
  author={Cerjan, Charles and Kosloff, Dan and Kosloff, Ronnie and Reshef, Moshe},
  journal={Geophysics},
  volume={50},
  number={4},
  pages={705--708},
  year={1985},
  publisher={Society of Exploration Geophysicists}
}
@article{clayton1977absorbing,
  title={Absorbing boundary conditions for acoustic and elastic wave equations},
  author={Clayton, Robert and Engquist, Bj{\"o}rn},
  journal={Bulletin of the Seismological Society of America},
  volume={67},
  number={6},
  pages={1529--1540},
  year={1977},
  publisher={Seismological Society of America}
}

@article{Yang2014gpurtm,
  title = {\{RTM\} using effective boundary saving: A staggered grid \{GPU\} implementation },
  journal = {Computers \& Geosciences },
  year = {2014},
  issn = {0098-3004},
  doi = {http://dx.doi.org/10.1016/j.cageo.2014.04.004},
  author = {Pengliang Yang and Jinghuai Gao and Baoli Wang},
}
@article{versteeg1994marmousi,
  title={The Marmousi experience: Velocity model determination on a synthetic complex data set},
  author={Versteeg, Roelof},
  journal={The Leading Edge},
  volume={13},
  number={9},
  pages={927--936},
  year={1994},
  publisher={Society of Exploration Geophysicists}
}
@inproceedings{dimarco2001general,
  title={General Characteristics of Currents in the Deepwater Gulf of Mexico},
  author={DiMarco, SF and Reid, RO and Jochens, AE and Nowlin Jr, WD and Howard, MK and others},
  booktitle={Offshore Technology Conference},
  year={2001},
  organization={Offshore Technology Conference}
}

@article{carcione2002seismic,
  title={Seismic modeling},
  author={Carcione, Jose M and Herman, G{\'e}rard C and Ten Kroode, APE},
  journal={Geophysics},
  volume={67},
  number={4},
  pages={1304--1325},
  year={2002},
  publisher={Society of Exploration Geophysicists}
}

@article{xu2001common,
  title={Common-angle migration: A strategy for imaging complex media},
  author={Xu, Sheng and Chauris, Herv{\'e} and Lambar{\'e}, Gilles and Noble, Mark},
  journal={Geophysics},
  volume={66},
  number={6},
  pages={1877--1894},
  year={2001},
  publisher={Society of Exploration Geophysicists}
}

@article{xu20113d,
  title={3D angle gathers from reverse time migration},
  author={Xu, Sheng and Zhang, Yu and Tang, Bing},
  journal={Geophysics},
  volume={76},
  number={2},
  pages={S77--S92},
  year={2011},
  publisher={Society of Exploration Geophysicists}
}

@article{zhang2010angle,
  title={Angle gathers from reverse time migration},
  author={Zhang, Yu and Xu, Sheng and Tang, Bing and Bai, Bing and Huang, Yan and Huang, Tony},
  journal={The Leading Edge},
  volume={29},
  number={11},
  pages={1364--1371},
  year={2010},
  publisher={Society of Exploration Geophysicists}
}

@book{biondi20063d,
  title={3D seismic imaging},
  author={Biondi, Biondo},
  number={14},
  year={2006},
  publisher={Society of Exploration Geophysicists}
}

@inproceedings{clapp2009reverse,
  title={Reverse time migration with random boundaries},
  author={Clapp, Robert G},
  booktitle={79th Annual International Meeting, SEG Expanded Abstracts},
  volume={28},
  pages={2809--2813},
  year={2009}
}
@article{clapp2010selecting,
  title={Selecting the right hardware for reverse time migration},
  author={Clapp, Robert G and Fu, Haohuan and Lindtjorn, Olav},
  journal={The Leading Edge},
  volume={29},
  number={1},
  pages={48--58},
  year={2010},
  publisher={Society of Exploration Geophysicists}
}
@article{symes2007reverse,
  title={Reverse time migration with optimal checkpointing},
  author={Symes, William W},
  journal={Geophysics},
  volume={72},
  number={5},
  pages={SM213--SM221},
  year={2007},
  publisher={Society of Exploration Geophysicists}
}

@article{liu20133d,
  title={3D Seismic Reverse Time Migration on GPGPU},
  author={Liu, Guofeng and Liu, Yaning and Ren, Li and Meng, Xiaohong},
  journal={Computers \& Geosciences},
  year={2013},
  volume = {59},
  number = {0},
  pages = {17 - 23},
  issn = {0098-3004},
  doi = {http://dx.doi.org/10.1016/j.cageo.2013.05.009},
  publisher={Elsevier}
}

@article{liu2013wavefield,
  author={Hongwei Liu and Renwei Ding and Lu Liu and Hong Liu},
  title={Wavefield reconstruction methods for reverse time migration},
  journal={Journal of Geophysics and Engineering},
  volume={10},
  number={1},
  pages={015004},
  url={http://stacks.iop.org/1742-2140/10/i=1/a=015004},
  year={2013},
}

@article{yoon20033d,
  title={3D reverse-time migration using the acoustic wave equation: An experience with the SEG/EAGE data set},
  author={Yoon, Kwangjin and Shin, Changsoo and Suh, Sangyong and Lines, Larry R and Hong, Soonduk},
  journal={The Leading Edge},
  volume={22},
  number={1},
  pages={38--41},
  year={2003},
  publisher={Society of Exploration Geophysicists}
}

@article{guitton2006least,
  title={Least-squares attenuation of reverse-time-migration artifacts},
  author={Guitton, Antoine and Kaelin, Bruno and Biondi, Biondo},
  journal={Geophysics},
  volume={72},
  number={1},
  pages={S19--S23},
  year={2006},
  publisher={Society of Exploration Geophysicists}
}

@article{m1983migration,
  title={Migration by extrapolation of time-dependent boundary values},
  author={McMechan, GA},
  journal={Geophysical Prospecting},
  volume={31},
  number={3},
  pages={413--420},
  year={1983}
}

@article{dussaud2008computational,
  title={Computational strategies for reverse-time migration},
  author={Dussaud, Eric and Symes, William W and Williamson, Paul and Lemaistre, Larent and Singer, Paul and Denel, Bertrand and Cherrett, Adam},
  journal={SEG Annual meeting},
  year={2008}
}
@article{roden2000convolutional,
  title={Convolutional PML (CPML): An efficient FDTD implementation of the CFS-PML for arbitrary media},
  author={Roden, J Alan and Gedney, Stephen D},
  journal={Microwave and optical technology letters},
  volume={27},
  number={5},
  pages={334--338},
  year={2000},
  publisher={New York: Wiley,[c1988-}
}
@article{collino2001application,
  title={Application of the perfectly matched absorbing layer model to the linear elastodynamic problem in anisotropic heterogeneous media},
  author={Collino, Francis and Tsogka, Chrysoula},
  journal={Geophysics},
  volume={66},
  number={1},
  pages={294--307},
  year={2001},
  publisher={Society of Exploration Geophysicists}
}
@article{komatitsch2007unsplit,
  title={An unsplit convolutional perfectly matched layer improved at grazing incidence for the seismic wave equation},
  author={Komatitsch, Dimitri and Martin, Roland},
  journal={Geophysics},
  volume={72},
  number={5},
  pages={SM155--SM167},
  year={2007},
  publisher={Society of Exploration Geophysicists}
}

@article{engquist1977absorbing,
  title={Absorbing boundary conditions for numerical simulation of waves},
  author={Engquist, Bj{\"o}rn and Majda, Andrew},
  journal={Proceedings of the National Academy of Sciences},
  volume={74},
  number={5},
  pages={1765--1766},
  year={1977},
  publisher={National Acad Sciences}
}
@article{berenger1994perfectly,
  title={A perfectly matched layer for the absorption of electromagnetic waves},
  author={Berenger, Jean-Pierre},
  journal={Journal of computational physics},
  volume={114},
  number={2},
  pages={185--200},
  year={1994},
  publisher={Elsevier}
}
@article{collino2001application,
  title={Application of the perfectly matched absorbing layer model to the linear elastodynamic problem in anisotropic heterogeneous media},
  author={Collino, Francis and Tsogka, Chrysoula},
  journal={Geophysics},
  volume={66},
  number={1},
  pages={294--307},
  year={2001},
  publisher={Society of Exploration Geophysicists}
}
@article{baysal1983reverse,
  title={Reverse time migration},
  author={Baysal, Edip and Kosloff, Dan D and Sherwood, John WC},
  journal={Geophysics},
  volume={48},
  number={11},
  pages={1514--1524},
  year={1983},
  publisher={Society of Exploration Geophysicists}
}
@article{yoon2006reverse,
  title={Reverse-time migration using the Poynting vector},
  author={Yoon, Kwangjin and Marfurt, Kurt J},
  journal={Exploration Geophysics},
  volume={37},
  number={1},
  pages={102--107},
  year={2006},
  publisher={CSIRO}
}
@article{costa2009obliquity,
  title={Obliquity-correction imaging condition for reverse time migration},
  author={Costa, JC and Silva Neto, FA and Alcantara, MR and Schleicher, J and Novais, A},
  journal={Geophysics},
  volume={74},
  number={3},
  pages={S57--S66},
  year={2009},
  publisher={Society of Exploration Geophysicists}
}
@book{bjorck1996numerical,
  title={Numerical methods for least squares problems},
  author={Bjorck, Ake},
  number={51},
  year={1996},
  publisher={Society for Industrial and Applied Mathematics}
}
@article{virieux2009overview,
  title={An overview of full-waveform inversion in exploration geophysics},
  author={Virieux, Jean and Operto, St{\'e}phane},
  journal={Geophysics},
  volume={74},
  number={6},
  pages={WCC1--WCC26},
  year={2009},
  publisher={Society of Exploration Geophysicists}
}
@article{tarantola1984inversion,
  title={Inversion of seismic reflection data in the acoustic approximation},
  author={Tarantola, Albert},
  journal={Geophysics},
  volume={49},
  number={8},
  pages={1259--1266},
  year={1984},
  publisher={Society of Exploration Geophysicists}
}
@article{tarantola1986strategy,
  title={A strategy for nonlinear elastic inversion of seismic reflection data},
  author={Tarantola, Albert},
  journal={Geophysics},
  volume={51},
  number={10},
  pages={1893--1903},
  year={1986},
  publisher={Society of Exploration Geophysicists}
}
@article{pica1990nonlinear,
  title={Nonlinear inversion of seismic reflection data in a laterally invariant medium},
  author={Pica, A and Diet, JP and Tarantola, A},
  journal={Geophysics},
  volume={55},
  number={3},
  pages={284--292},
  year={1990},
  publisher={Society of Exploration Geophysicists}
}
@article{pratt1998gauss,
  title={Gauss--Newton and full Newton methods in frequency--space seismic waveform inversion},
  author={Pratt, Gerhard and Shin, Changsoo and others},
  journal={Geophysical Journal International},
  volume={133},
  number={2},
  pages={341--362},
  year={1998},
  publisher={Wiley Online Library}
}
@article{guitton2007smoothing,
  title={Smoothing imaging condition for shot-profile migration},
  author={Guitton, Antoine and Valenciano, Alejandro and Bevc, Dimitri and Claerbout, Jon},
  journal={Geophysics},
  volume={72},
  number={3},
  pages={S149--S154},
  year={2007},
  publisher={Society of Exploration Geophysicists}
}
