@article{claerbout:467,
author = {Jon F. Claerbout},
collaboration = {},
title = {TOWARD A UNIFIED THEORY OF REFLECTOR MAPPING},
publisher = {SEG},
year = {1971},
journal = {Geophysics},
volume = {36},
number = {3},
pages = {467-481},
url = {http://link.aip.org/link/?GPY/36/467/1},
doi = {10.1190/1.1440185}
}

@article{claerbout:407,
author = {Jon F. Claerbout},
collaboration = {},
title = {COARSE GRID CALCULATIONS OF WAVES IN INHOMOGENEOUS MEDIA WITH APPLICATION TO DELINEATION OF COMPLICATED SEISMIC STRUCTURE},
publisher = {SEG},
year = {1970},
journal = {Geophysics},
volume = {35},
number = {3},
pages = {407-418},
url = {http://link.aip.org/link/?GPY/35/407/1},
doi = {10.1190/1.1440103}
}

@article{alkhalifah:1139,
author = {Tariq Alkhalifah},
title = {Efficient synthetic‐seismogram generation in transversely isotropic, inhomogeneous media},
year = {1995},
journal = {Geophysics},
volume = {60},
number = {4},
pages = {1139-1150},
issn = {4},
url = {http://link.aip.org/link/?GPYSA7/60/1139/1},
doi = {10.1190/1.1443842}
}

@article{ttt,
author = {L. Behera and I. Tsvankin},
title = {Migration velocity analysis for tilted transversely isotropic media},
year = {2009},
journal = {Geophysical Prospecting},
volume = {57},
number = {5},
pages = {13-26},
issn = {5},
}

@article{tsvankin:479,
author = {I. Tsvankin},
title = {Moveout analysis for tranversely isotropic media with a tilted symmetry axis},
year = {1997},
journal = {Geophysical Prospecting},
volume = {45},
number = {3},
pages = {479-512},
issn = {3},
}

@article{grechka:D1,
author = {Vladimir Grechka and Andrés Pech},
title = {Quartic reflection moveout in a weakly anisotropic dipping layer},
year = {2006},
journal = {Geophysics},
volume = {71},
number = {1},
pages = {D1-D13},
issue = {1},
keywords = {anisotropic media; seismic waves; image processing},
url = {http://link.aip.org/link/?GPYSA7/71/D1/1},
doi = {10.1190/1.2159047}
}

@article{alkhalifah:A19,
author = {Tariq Alkhalifah and Paul Sava},
title = {A transversely isotropic medium with a tilted symmetry axis normal to the reflector},
year = {2010},
journal = {Geophysics},
volume = {75},
number = {3},
pages = {A19-A24},
issn = {3},
keywords = {seismic waves; seismology},
url = {http://link.aip.org/link/?GPYSA7/75/A19/1},
doi = {10.1190/1.3409114}
}


@Book{book,
  author =       {J[ames] A[] Sethian},
  title =        {Level set methods:
{Evolving} interfaces in geometry, fluid mechanics, computer vision, and materials science},
  publisher =    {Cambridge University Press},
  year =         1996
}

@Book{bookC,
  author =       {V[lastislav] Cerveny},
  title =        {Seismic ray theory },
  publisher =    {Cambridge University Press},
  year =         2001
}

@Article{chew,
  author =       {L[] P[aul] Chew},
  title =        {Constrained {Delaunay} Triangulations},
  journal =     {Algorithmica},
  year =         1989,
  volume =         4,
  pages =     {97-108}
}

@Article{delaunay2,
  author =       {B[oris] N[ikolaevich] Delaunay},
  title =        {Sur la sph\`{e}re vide},
  journal =      {Izv. Akad. Nauk SSSR, Otdel. Mat. Est. Nauk},
  year =         1934,
  volume =       7,
  pages =        {793-800}
}

@Article{dijkstra,
  author =       {E[] W[] Dijkstra},
  title =        {A note on two problems in connection with graphs},
  journal =      {Numer. Math.},
  year =         1959,
  volume =       1,
  pages =        {269-271}
}

@Article{edels,
  author =       {H[] Edelsbrunner and T[] S[] Tan},
  title =        {An Upper Bound for Conforming
      {Delaunay} Triangulation},
  journal =      {Discrete Comput. Geom.},
  year =         1993,
  volume =       10,
  pages =        {197-213}
}

@Article{fortune,
  author =       {S[] Fortune},
  title =        {A sweepline algorithm for {Voronoi} diagram},
  journal =      {Algorithmica},
  year =         1987,
  volume =       2,
  pages =        {153-174}
}

@Article{hansen,
  author =       {A[] J[] Hansen and P[] L[] Levin},
  title =        {On conforming {Delaunay} mesh generation},
  journal =      {Adv. in Eng. Soft.},
  year =         1992,
  volume =       14,
  pages =        {129-135}
}

@INCOLLECTION{height,
AUTHOR={M[ichael] Garland and P[aul] S[] Heckbert},
TITLE={Fast and Flexible Polygonization of Height Fields},
BOOKTITLE={Visual Proceedings},
publisher={SIGGRAPH 96},
MONTH={August},
YEAR={1996},
PAGES={143}
}

@Article{knuth,
  author =       {L[eonidas] J[] Guibas and D[onald] Knuth and M[] Sharir},
  title =        {Randomized Incremental construction of {Delaunay} and
{Voronoi} diagrams},
  journal =      {Algorithmica},
  year =         1992,
  volume =       7,
  pages =        {381-413}
}

@BOOK{lanc,
  author    = {C[ornelius] Lanczos},
  title     = {The variational principles of mechanics},
  publisher = {University of Toronto Press},
  address   = {Toronto},
  year      = {1966}
}

@Article{lee,
  author =       {D[] T[] Lee and A[] K[] Lin},
  title =        {Generalized {Delaunay} triangulation for planar graphs},
  journal =      {Discrete Comput. Geom.},
  year =         1986,
  volume =       1,
  pages =        {201-217}
}

@Book{lions,
  author =       {P[] L[] Lions},
  title =        {Generalized solutions of {Hamilton}-{Jacobi} equations},
  publisher =    {Pitman},
  year =         1982
}

@Article{mihai,
  author =       {J[ames] A[] Sethian and A[lexander] M[ihai] Popovici},
  title =        {Three-dimensional traveltime computation using the fast marching method},
  journal =      {submitted to Geophysics},
  year =         1997
}

@Book{mit,
  author =       {T[homas] H[] Cormen and C[harles] E[] Leiserson and R[onald] L[] Rivest},
  title =        {Introduction to algorithms},
  publisher =    {McGraw-Hill},
  year =         1990
}

@Article{osher,
  author =       {S[] Osher and J[ames] A[] Sethian},
  title =        {Fronts propagating with curvature-dependent speed:
{Algorithms} based on {Hamilton}-{Jacobi} formulation},
  journal =      {Jour. of Comp. Phys.},
  year =         1988,
  volume =       79,
  pages =        {12-49}
}

@Article{paper2,
  author =       {J[ames] A[] Sethian},
  title =        {A fast marching level set method for monotonically advancing fronts},
  journal =      {Proc. Nat. Acad. Sci.},
  year =         1996,
  volume =       93,
  number =       4,
  pages =        {1591-1595}
}

@INCOLLECTION{rivara,
AUTHOR={M[aria]-C[ecilia] Rivara},
TITLE={New mathematical tools and techniques for
        the refinement and/or improvement of unstructured triangulations},
BOOKTITLE={Proceedings},
publisher={5th International Meshing Roundtable},
MONTH={October},
YEAR={1996},
PAGES={77-86}
}

@ARTICLE{ruppert,
  author  = {J[im] Ruppert},
  title   = {A {Delaunay} Refinement Algorithm for Quality two-Dimensional Mesh Generation},
  journal = {Journal of Algorithms},
  volume  = {18},
  pages   = {548-585},
  year    = {1995}
}

@Incollection{shamos,
  author  = {M[] Shamos and D[] Hoey},
  title   = {Closest point problems},
  booktitle = {Proceedings},
  publisher  = {16th Annual IEEE Sympos. Found. Comput. Sci.},
  pages   = {151-162},
  year    = {1975}
}

@Incollection{shewchuk,
  author =       {J[onathan] R[ichard] Shewchuk},
  title =        {Robust Adaptive Floating-Point Geometric Predicates},
  booktitle =      {12th Annual Symposium on Computational Geometry},
  year =         1996,
  publisher = {Association for Computing Machinery},
  month =        {May},
  pages = {141-150}
}

@Article{sibson,
  author =       {R[] Sibson},
  title =        {Locally equiangular triangulations},
  journal =      {Comput. J.},
  year =         1978,
  volume =       21,
  pages =        {243-245}
}

@BOOK{smirnov,
  author    = {V[ladimir] I[vanovich] Smirnov},
  title     = {A course on higher mathematics},
  publisher = {Pergamon Press},
  year      = {1964}
}

@Article{stolfi,
  author =       {L[eonidas] Guibas and J[] Stolfi},
  title =        {Primitives for the manipulation of general subdivisions
and the computation of {Voronoi} diagrams},
  journal =      {ACM Trans. Graphics},
  year =         1985,
  volume =       4,
  pages =        {74-123}
}

@Book{opengl,
  author =       {M[ason] Woo and J[ackie] Neider and T[om] Davis},
  title =        {{OpenGL} Programming guide},
  publisher =    {Addison-Wesley},
  year =         1997
}

@book{hale,
  author =       {D[ave] Hale and J[ack] K[] Cohen},
  title =        {Triangulated models of the {Earth's} subsurface},
  publisher =    {Center for Wave Phenomenon Report, CWP-107},
  year =         1991
}

@Article{abgrall,
  author =       {R[\`{e}mi] Abgrall},
  title =        {Numerical discretization of the first-order 
{Hamilton}-{Jacobi} equation on triangular meshes},
  journal =      {Comm. on Pure and Applied Math.},
  year =         1996,
  volume =       {XLIX},
  pages =        {1339-1373}
}

@Article{podvin.gji.91,
  author =       "P[] Podvin and I[] Lecomte",
  title =        "Finite Difference Computation of Traveltimes in Very
                Contrasted Velocity Models:  A Massively Parallel Approach
                and its Associated Tools",
  journal =      "Geophysical Journal International",
  year =         1991,
  volume =       105,
  pages =        "271--284"
}

@ARTICLE{tariq,
  author  = {T[ariq] Alkhalifah},
  title   = {Acoustic approximations for processing in transversely isotropic media},
  journal = {Geophysics},
volume  = {63},
  pages   = {623-631},
  year    = {1998}
  }
@ARTICLE{aldridge,
  author  = {D[avid] Aldridge},
  title   = {Linearization of the eikonal equation},
  journal = {Geophysics},
volume  = {59},
  pages   = {1631-1632},
  year    = {1994}
  }
@ARTICLE{norman,
  author  = {N[orman] Ettrich and D[irk] Gajewski},
  title   = {Traveltime computation by perturbation with FD-eikonal
		solvers in isotropic and weakly anisotropic media},
  journal = {Geophysics},
volume  = {63},
  pages   = {1066-1078},
  year    = {1998}
  }
@ARTICLE{tariq2,
  author  = {T[ariq] Alkhalifah},
  title   = {An acoustic wave equation for anisotropic media},
  journal = {accepted for Geophysics},
  year    = {1999}
  }

@ARTICLE{tariq5,
  author  = {T[ariq] Alkhalifah},
  title   = {Prestack time migration for anisotropic media},
  journal = {accepted for Geophysics},
  year    = {1999}
  }


@ARTICLE{eta,
  author  = {T[ariq] Alkhalifah and I[lya] Tsvankin},
  title   = {Velocity analysis for transversely isotropic media},
  journal = {Geophysics},
  volume  = {60},
  pages   = {1550-1566},
  year    = {1995}
}

@ARTICLE{biondo1,
  author  = {B[indo] Biondi and S[ergey] Fomel and N[izar] Chemingui},
  title   = {Azimuth moveout for 3-D prestack imaging},
  journal = {Geophysics},
  volume  = {63},
  pages   = {574-588},
  year    = {1998}
}

@inbook{DMO00-00-01770188,
author={Deregowski, S. M.},
year={1995},
title={An integral implementation of dip moveout},
editor={Hale, Dave},
booktitle={DMO processing},
city={Tulsa},
publisher={Soc. Expl. Geophys.},
pages={177-188},
notes={Reprinted from Geophysical Transactions of the Geophysical
		  Institute of Hungary, 33, 11-22}}
		  
@ARTICLE{tariq1,
  author  = {T[ariq] Alkhalifah},
  title   = {Kinematics of 3-D DMO operators in transversely isotropic media},
  journal = {Geophysics},
  volume  = {62},
  pages   = {1214-1219},
  year    = {1997}
}
@ARTICLE{tariq3,
  author  = {T[ariq] Alkhalifah},
  title   = {Transformation to zero offset in transversely isotropic media},
  journal = {Geophysics},
  volume  = {61},
  pages   = {947-963},
  year    = {1996}
}		  
@ARTICLE{tariq2,
  author  = {T[ariq] Alkhalifah},
  title   = {Acoustic approximations for seismic processing in transversely isot
ropic media},
  journal = {accepted for Geophysics},
  year    = {1997}
}
		  
@ARTICLE{eta,
  author  = {T[ariq] Alkhalifah and I[lya] Tsvankin},
  title   = {Velocity analysis for transversely isotropic media},
  journal = {Geophysics},
  volume  = {60},
  pages   = {1550-1566},
  year    = {1995}
}
@ARTICLE{Fowler,
  author  = {J[ohn] Anderson and T[ariq] Alkhalifah and I[lya] Tsvankin},
  title   = {Fowler DMO and time migration for transversely isotropic media},
  journal = {Geophysics},
  volume  = {61},
  pages   = {835-845},
  year    = {1996}
}		  
@article{tariq-vzinv,
author={Alkhalifah, T. A.},
year={1997},
title={Seismic Data Processing in vertically inhomogeneous {TI} media },
journal={Geophysics},
volume={62},
pages={662-675}}		 
		  
@article{GEO61-02-04670483,
author={Tsvankin, I.},
year={1996},
title={P-wave signatures and notation for transversely isotropic media: An overview},
journal={Geophysics},
volume={2},
pages={467-483}}

@ARTICLE{biondo1,
  author  = {B[indo] Biondi and S[ergey] Fomel and N[izar] Chemingui},
  title   = {Azimuth moveout for 3-D prestack imaging},
  journal = {Geophysics},
  volume  = {63},
  pages   = {574-588},
  year    = {1998}
}

@Book{Sethian,
  author = 	 {J[] A[] Sethian},
  title = 	 {Level Set Methods},
  publisher = 	 {Cambridge University Press},
  year = 	 1996,
  address =	 {New York}
}		  

@Article{mihai,
  author =       {J[ames] A[] Sethian and A[lexander] M[ihai] Popovici},
  title =        {Three-dimensional traveltime computation using the fast marching method},
  journal =      {submitted to Geophysics},
  year =         1997
}

@Book{Bender,
  author =       {C[] M[] Bender and S[] A[] Orszag},
  title =        {Advanced Mathematical Methods for Scientists and Engineers},
  publisher =    {McGraw-Hill},
  year =         1978,
}
		  
@Book{aki,
  author =       {K[] Aki and P[] G[] Richards},
  title =        {Quantitative seismology: theory and methods},
  publisher =    {W.H. Freeman and Company, Volume I},
  year =         1980,
  address =      {San Francisco}		  
}

@article{CFL,
author={Courant, R. and  Friedrichs, K. and  Lewy, H.},
year={1928},
title={Uber die partiellen Differenzengleichungen der mathematischen Physik},
journal={Math. Ann.},
volume={100},
pages={32-74}}

@ARTICLE{etascan,
  author  = {T[ariq] Alkhalifah},
  title   = {Scanning anisotropy parameters in general inhomogeneous media},
  journal = {submitted to Geophysics.},
  year    = {2010}
  }



@article{DTI,
author = {Tariq Alkhalifah and Paul Sava},
title = {A transversely isotropic medium with a tilted symmetry axis normal to the reflector},
year = {2010},
journal = {Geophysics},
volume = {75},
number = {3},
pages = {A19-A24},
issue = {3},
keywords = {seismic waves; seismology},
url = {http://link.aip.org/link/?GPYSA7/75/A19/1},
doi = {10.1190/1.3409114}
}

@article{wang:T129,
author = {Yue Wang and Tamas Nemeth and Robert T. Langan},
title = {An expanding-wavefront method for solving the eikonal equations in general anisotropic media},
year = {2006},
journal = {Geophysics},
volume = {71},
number = {5},
pages = {T129-T135},
issn = {5},
keywords = {seismic waves; geophysical signal processing; wave propagation; anisotropic media},
url = {http://link.aip.org/link/?GPYSA7/71/T129/1},
doi = {10.1190/1.2235563}
}


