@Book{mallat,
  author =	 {S[tephane] Mallat},
  title = 	 {A Wavelet Tour of Signal Processing: The Sparse Way},
  publisher = 	 {Academic Press},
  year = 	 2009
}

@Article{wapenaar,
  author = 	 {K[ees] Wapenaar and R[anajit] Ghose and G[errit] Toxopeus and J[acob] Fokkema},
  title = 	 {The wavelet transform as a tool for geophysical data integration},
  journal = 	 {Integrated Computer-Aided Engineering},
  year = 	 2005,
  volume =	 12,
  pages =	 {5-23}
}

@PhdThesis{dessing,
  author = 	 {F[] J[] Dessing},
  title = 	 {A Wavelet Transform Approach to
Seismic Processing},
  school = 	 {Delft University
of Technology},
  year = 	 1997
}

@Article{bandelet,
  author = 	 {E[] Le~Pennec and S[] Mallat},
  title = 	 {Sparse geometrical image representation with bandelets},
  journal = 	 {IEEE Transactions on Image Processing},
  year = 	 2005,
  volume =	 14,
  pages =	 {423--438}
}

@Article{contourlet,
  author = 	 {M[] N[] Do and M[] Vetterli},
  title = 	 {The contourlet transform: an efficient directional multiresolution image representation},
  journal = 	 {IEEE Transactions on Image Processing},
  year = 	 2005,
  volume =	 14,
  pages =	 {2091-2106}
}

@Book{beyond,
  editor =	 {G[rant] Welland},
  title = 	 {Beyond Wavelets},
  publisher = 	 {Academic Press},
  year = 	 2003
}

@Article{curvelet,
  author = 	 {J[] L[] Starck and E[] J[] Cand\'{e}s and D[] L[] Donoho},
  title = 	 {The Curvelet Transform for Image Denoising},
  journal = 	 {IEEE Transactions on Image Processing},
  year = 	 2002,
  volume =	 11,
  pages =	 {670-684}
}

@PhdThesis{directionlet,
  author = 	 {V[] Velisavljevic},
  title = 	 { Directionlets: anisotropic multi-directional representation with separable filtering},
  school = 	 {Ecole Polytechnique F\'{e}d\'{e}rale de Lausanne},
  year = 	 2005
}

@inproceedings{lifting,
    author = {W[] Sweldens},
    title = {The Lifting Scheme: A New Philosophy in Biorthogonal Wavelet Constructions},
    booktitle = {Wavelet Applications in Signal and Image Processing III},
    editor = {A. F. Laine and M. Unser},
    publisher = {Proc.\ SPIE~2569},
    year = {1995},
    pages = {68-79}
   }

@incollection{huub,
	author=	{H[uub] Douma and M[aarten] V[] de~Hoop},
	year=	2005,
	title=	{On common-offset prestack time migration with curvelets},
	publisher=	{Soc. of Expl. Geophys.},
	booktitle=	{75th Ann. Internat. Mtg},
	pages=	{2009-2012}
	}

@incollection {athome,
   author = {W[] Sweldens and P[] Schr\"{o}der},
   title = {Building your own wavelets at home},
   booktitle = {Wavelets in Computer Graphics},
   publisher = {ACM SIGGRAPH Course notes},
   pages = {15-87},		  
   year = 1996
  }


@Article{candes,
  author = 	 {E[mmanuel] J[] Cand\'{e}s and L[aurent] Demanet},
  title = 	 {The Curvelet Representation of Wave Propagators is
Optimally Sparse},
  journal = 	 {Communications on Pure and Applied Mathematics},
  volume =	 58,
  year = 	 2005,
  pages =	 {1472-1528}
}

@Article{donoho,
  author = 	 {D[] L[] Donoho},
  title = 	 {De-noising by soft-thresholding},
  journal = 	 {IEEE Trans. on Inform. Theory},
  year = 	 1995,
  volume =	 41,
  pages =	 {613-627}
}

@book{pvi,
   author = {J[on] F[] Claerbout},
   publisher = {Blackwell Scientific Publications},
   title = {{Earth Soundings Analysis: Processing Versus Inversion}},
   year = {1992}
}

@Book{bei,
  author =       {J[on] F[] Claerbout},
  title =        {Basic {Earth} Imaging},
  publisher =    {Stanford Exploration Project,
\texttt{http://sepwww.stanford.edu/sep/prof/}},
  year =         2008
}

@incollection{seislet,
	author=	{S[ergey] Fomel},
	year=	2006,
	title=	{Towards the seislet transform},
	publisher=	{Soc. of Expl. Geophys.},
	booktitle=	{76th Ann. Internat. Mtg},
	pages=	{2847-2850}
	}

@book{Claerbout.blackwell.92,
   author = {J[on] F[] Claerbout},
   publisher = {Blackwell Scientific Publications},
   title = {{Earth Soundings Analysis: Processing Versus Inversion}},
   year = {1992}
}

@Article{stovas,
  author =       {A[lexey] M[ikhailovich] Stovas and S[ergey]
                  B[orisovich] Fomel},
  title =        {Kinematically equivalent integral {DMO} operators},
  journal =      {Russian Geology and Geophysics},
  year =         1996,
  volume =       37,
  number =       2,
  pages =        {102-113}
}

@Article{goldin,
  author =       {S[ergey] V[asilievich] Goldin and S[ergey]
                  B[orisovich] Fomel},
  title =        {Estimation of Reflection Coefficient in {DMO}},
  journal =      {Russian Geology and Geophysics},
  year =         {1995},
  volume =       {36},
  number =       {4},
  pages =        {103-115}
}

@Article{me,
  author = {S[ergey] B[orisovich] Fomel},
  title = {Kinematically equivalent differential operator for offset
                  continuation of seismic sections},
  journal = {Russian Geology and Geophysics},
  year = {1994},
  volume = {35},
  number = {9},
  pages = {122-134}
}

@Article{hubral,
  author =       {P[eter] Hubral and M[artin] Tygel and J[] Schleicher},
  title =        {Seismic image waves},
  journal =      {Geophysical Journal International},
  year =         1996,
  volume =       125,
  pages =        {431-442}
}

@Article{fandb,
  author =       {S[ergey] Fomel and N[orman] Bleistein},
  title =        {Amplitude preservation for offset continuation:
  {Confirmation} for {Kirchhoff} data},
  journal =      {Journal of Seismic Exploration},
  year =         2001,
  volume =       10,
  pages =        {121-130}
}


@ARTICLE{herrmann,
AUTHOR = {F[] J[] Herrmann and D[eli] Wang and G[illes] Hennenfent and P[eyman] Moghaddam},
TITLE = {Curvelet-based seismic data processing: a multiscale and nonlinear approach},
YEAR = 2007,
journal = {Geophysics},
volume = {73},
number= {1},
pages = {A1-A5},
URL={http://segdl.aip.org/journals/doc/GPYSA7-ft/vol_73/iss_1/A1_1.html}
}

@Article{douma,
  author = 	 {H[uub] Douma and M[aarten] V[] de~Hoop},
  title = 	 {Leading-order seismic imaging using curvelets},
  journal = 	 {Geophysics},
  year = 	 2007,
  volume =	 72,
  pages =	 {S231-S248}
}

@Article{chauris,
  author = 	 {H[erv\'{e}] Chauris and T[ruong] Nguyen},
  title = 	 {Seismic demigration/migration in the curvelet domain},
  journal = 	 {Geophysics},
  year = 	 2008,
  pages =	 {S35-S46}
}

@Article{spectral,
  author = 	 {G[reg] Partyka and J[ames] Gridley and J[ohn] Lopez},
  title = 	 {Interpretational applications of spectral decomposition in reservoir characterization},
  journal = 	 {The Leading Edge},
  year = 	 1999,
  volume = 	 18,
  number = 	 3,
  pages = 	 {353-360}}

@Book{boon,
  author = 	 {B[] A[] Hardage and J[] L[] Simmons and D[] E[] Lancaster and R[] Y[] Elphick and R[] D[] Edson and D[] L[] Carr and V[irginia] Pendleton},
  title = 	 {Boonsville {3-D} Seismic Data Set},
  publisher = 	 {Bureau of Economic Geology},
  year = 	 1996}

@Article{roots,
  author = 	 {A[lan] Edelman and H[] Murakami},
  title = 	 {Polynomial Roots from Companion Matrix Eigenvalues},
  journal = 	 {Mathematics of Computation},
  year = 	 1995,
  volume = 	 64,
  pages = 	 {763-776}}

@Article{daube,
  author = 	 {I[] Daubechies and M[] Defrise and C[] De~Mol},
  title = 	 {An iterative thresholding algorithm for linear inverse problems with a sparsity constraint},
  journal = 	 {Communications on Pure and Applied Mathematics},
  year = 	 2004,
  volume =	 {LVII},
  pages =	 {1413-1457}
}

@inproceedings{inv,
  author =	 {S[] Fomel},
  title = 	 {Nonlinear shaping regularization in geophysical inverse problems},
  booktitle =    {78th Annual International Meeting, SEG, Expanded Abstracts},
  year = 	 {2008},
  pages =        {2046-2051}
}


@Book{marple,
  author =	 {S[] L[] Marple},
  title = 	 {Digital Spectral Analysis with Applications},
  publisher = 	 {Prentice Hall},
  year = 	 1987
}

@Article{frsi1,
  author = 	 {P[] Zwartjes and A[] Gisolf},
  title = 	 {Fourier reconstruction of marine-streamer data in four spatial coordinates},
  journal = 	 Geophysics,
  year = 	 2006,
  volume =	 71,
  pages =	 {V171-V186}
}

@Article{frsi2,
  author = 	 {P[] Zwartjes and A[] Gisolf},
  title = 	 {Fourier reconstruction with sparse inversion},
  journal = 	 {Geophysical Prospecting},
  year = 	 2007,
  volume =	 55,
  pages =	 {199-221}
}

@Article{frsi3,
  author = 	 {P[] Zwartjes and M[] Sacchi},
  title = 	 {Fourier reconstruction of nonuniformly sampled, aliased seismic data},
  journal = 	 Geophysics,
  year = 	 2007,
  volume =	 72,
  pages =	 {V21-V32}
}

@Article{antileak,
  author = 	 {S[heng] Xu and Y[u] Zhang and D[on] Pham and G[illes] Lambar\'{e}},
  title = 	 {Antileakage {Fourier} transform for seismic data regularization},
  journal = 	 {Geophysics},
  year = 	 2005,
  volume =	 70,
  pages =	 {V87-V95}
}

@Article{Bleistein87,
  author = 	 {N[] Bleistein},
  title = 	 {On the imaging of reflectors in the earth},
  journal = 	 {Geophysics},
  year = 	 1987,
  volume =	 52,
  pages =	 {931-942}
}

@Article{Burg72,
  author = 	 {J[] P[] Burg},
  title = 	 {The relationship between maximum entropy spectra and maximum likelihood spectra},
  journal = 	 {Geophysics},
  year = 	 1972,
  volume =	 37,
  pages =	 {375-376}
}

@PhdThesis{Burg75,
  author = 	 {J[] P[] Burg},
  title = 	 {Maximum entropy spectral analysis},
  school = 	 {Stanford University},
  year = 	 1975
}

@Article{Claerbout71,
  author = 	 {J[on] F[] Claerbout},
  title = 	 {Toward a unified theory of reflector mapping},
  journal = 	 {Geophysics},
  year = 	 1971,
  volume =	 36,
  pages =	 {467-481}
}

@book{Claerbout76,
   author =      {J[on] F[] Claerbout},
   publisher =   {Blackwell Scientific Publications},
   title =       {{Fundamentals of geophysical data processing}},
   year =        {1976}
}

@Article{Cohen92,
  author = 	 {A[] Cohen and I[] Daubechies and J[] Feauveau},
  title = 	 {Biorthogonal bases of compactly supported wavelets},
  journal = 	 {Communications on Pure and Applied Mathematics},
  year = 	 1992,
  volume =	 45,
  pages =	 {485-560}
}

@Article{Dragoset98,
  author = 	 {W[] H[] Dragoset and Z[] Jericevic},
  title = 	 {Some remarks on surface multiple attenuation},
  journal = 	 {Geophysics},
  year = 	 1998,
  volume =	 63,
  pages =	 {772-789}
}

@PhdThesis{Fomel01,
  author = 	 {S[] Fomel},
  title = 	 {Three-dimensional seismic data regularization},
  school = 	 {Stanford University},
  year = 	 2001
}

@Article{Fomel02,
  author = 	 {S[] Fomel},
  title = 	 {Applications of plane-wave destruction filters},
  journal = 	 {Geophysics},
  year = 	 2002,
  volume =	 67,
  pages =	 {1946-1960}
}

@inproceedings{Fomel06,
  author =	 {S[] Fomel},
  title = 	 {Towards the seislet transform},
  booktitle =    {76th Annual International Meeting, SEG, Expanded Abstracts},
  year = 	 {2006},
  pages =        {2847-2851}
}

@inproceedings{Gardner94,
  author =	 {G[] H[] F[] Gardner and A[] Canning},
  title = 	 {Effects of irregular sampling on 3-D prestack migration},
  booktitle =    {64th Annual International Meeting, SEG, Expanded Abstracts},
  year = 	 {1994},
  pages =        {1553-1556}
}

@inproceedings{Legott99,
  author =	 {R[] J[] Legott and R[] G[] Williams and M[] Skinner},
  title = 	 {Co-location of 4D seismic data in the presence of navigational and timing errors},
  booktitle =    {69th Annual International Meeting, SEG, Expanded Abstracts},
  year = 	 {1999},
  pages =        {1699-1702}
}

@inproceedings{Lian01,
  author =	 {C[] Lian and K[] Chen and H[] Chen and L[] Chen},
  title = 	 {Lifting based discrete wavelet transform architecture for {JPEG2000}},
  booktitle =    {The 2001 IEEE International Symposium on Circuits and Systems, IEEE},
  year = 	 {2001},
  pages =        {II445-II448}
}

@inproceedings{Morice00,
  author =	 {S[] Morice and S[] Ronen and P[] Canter and K[] Welker and D[] Clark},
  title = 	 {The impact of positioning differences on 4D repeatability},
  booktitle =    {70th Annual International Meeting, SEG, Expanded Abstracts},
  year = 	 {2000},
  pages =        {1611-1614}
}

@Article{Osher05,
  author = 	 {S[] Osher and M[] Burger and D[] Goldfarb and J[] Xu and W[] Yin},
  title = 	 {An iterative regularization method for total variation-based image restoration},
  journal = 	 {Multiscale Modeling \& Simulation},
  year = 	 2005,
  volume =	 4,
  pages =	 {460-489}
}

@Article{Yin08,
  author = 	 {W[otao] Yin and S[tanley] Osher and D[onald] Goldfarb and J[erome] Darbon},
  title = 	 {Bregman interative algorithoms for $l_1$-minimization with application to compressed sensing},
  journal = 	 {SIAM J. Imaging Sciences},
  year = 	 2008,
  volume =	 1,
  pages =	 {143-168}
}

@Article{Xu06,
  author = 	 {J[] Xu and S[] Osher},
  title = 	 {Iterative regularization and nonlinear inverse scale space applied to wavelet-based denoising},
  journal = 	 {IEEE Transactions on Image Processing},
  year = 	 2006,
  volume =	 16,
  pages =	 {534-544}
}

@Article{Burger06,
  author = 	 {M[] Burger and G[] Gilboa and S[] Osher and J[] Xu},
  title = 	 {Nonlinear inverse scale space methods},
  journal = 	 {Communications in Mathematical Sciences},
  year = 	 2006,
  volume =	 4,
  pages =	 {179-212}
}

@inproceedings{Canales84,
  author =	 {L[] L[] Canales},
  title = 	 {Random noise reduction},
  booktitle =    {54th Annual International Meeting, SEG, Expanded Abstracts},
  year = 	 {1984},
  pages =        {Session: S10.1}
}

@inproceedings{Morlet81,
  author =	 {J[] Morlet},
  title = 	 {Sampling theory and wave propagation},
  booktitle =    {51th Annual International Meeting, SEG, Expanded Abstracts},
  year = 	 {1981},
  pages =        {Session: S15.1}
}

@inproceedings{Sweldens95,
    author =     {W[] Sweldens},
    title =      {The Lifting Scheme: A New Philosophy in Biorthogonal Wavelet Constructions},
    booktitle =  {Wavelet Applications in Signal and Image Processing III, Proc.\ SPIE~2569},
    editor =     {A. F. Laine and M. Unser},
    year =       {1995},
    pages =      {68-79}
   }

@inproceedings{vanDedem98,
  author =	 {E[] J[] van Dedem and D[] J[] Verschuur},
  title = 	 {3-D surface-related multiple elimination and interpolation},
  booktitle =    {68th Annual International Meeting, SEG, Expanded Abstracts},
  year = 	 {1998},
  pages =        {1321-1324}
}

@Article{Verschuur97,
  author = 	 {D[] J[] Verschuur and A[] J[] Berkhout},
  title = 	 {Estimation of multiple scattering by iterative inversion, part II: Practical aspects and examples},
  journal = 	 {Geophysics},
  year = 	 1997,
  volume =	 62,
  pages =	 {1596-1611}
}

@Article{Weglein97,
  author = 	 {A[] B[] Weglein and F[] A[] Gasparotto and P[] M[] Carvalho and R[] H[] Stolt},
  title = 	 {An inversescattering series method for attenuating multiples in seismic reflection data},
  journal = 	 {Geophysics},
  year = 	 1997,
  volume =	 62,
  pages =	 {1975-1989}
}

@Article{Xu05,
  author =	 {S[] Xu and Y[] Zhang and D[] Pham and G[] Lambare},
  title = 	 {Antileakage Fourier transform for seismic data regularization},
  journal = 	 {Geophysics},
  year = 	 {2005},
  volume =       {70},
  pages =        {V87-V95}
}

@Article{Zhang03,
  author = 	 {Y[] Zhang and G[] Zhang and N[] Bleistein},
  title = 	 {True amplitude wave equation migration arising from true amplitude one-way equations},
  journal = 	 {Inversion Problems},
  year = 	 2003,
  volume =	 19,
  pages =	 {1113-1138}
}

@Article{Pennec05,
  author = 	 {E[] Le~Pennec and S[] Mallat},
  title = 	 {Sparse geometrical image representation with bandelets},
  journal = 	 {IEEE Transactions on Image Processing},
  year = 	 2005,
  volume =	 14,
  pages =	 {423--438}
}

@Article{Do05,
  author = 	 {M[] N[] Do and M[] Vetterli},
  title = 	 {The contourlet transform: an efficient directional multiresolution image representation},
  journal = 	 {IEEE Transactions on Image Processing},
  year = 	 2005,
  volume =	 14,
  pages =	 {2091-2106}
}

@Article{Starck00,
  author = 	 {J[] L[] Starck and E[] J[] Cand\'{e}s and D[] L[] Donoho},
  title = 	 {The Curvelet Transform for Image Denoising},
  journal = 	 {IEEE Transactions on Image Processing},
  year = 	 2000,
  volume =	 11,
  pages =	 {670-684}
}

@Article{Sinha05,
  author = 	 {Satish Sinha and Partha S[] Routh and Phil D[] Anno and John P[] Castagna},
  title = 	 {Spectral decomposition of seismic data with continuous-wavelet transform},
  journal = 	 {Geophysics},
  year = 	 2005,
  volume =	 70,
  pages =	 {P19-P25}
}

@inproceedings{Portniaguine04,
  author =	 {Oleg Portniaguine and John Castagna},
  title = 	 {Inverse spectral decompostion},
  booktitle =    {74th Annual International Meeting, SEG, Expanded Abstracts},
  year = 	 {2004},
  pages =        {1786-1789}
}

@PhdThesis{Velisavljevic05,
  author = 	 {V[] Velisavljevic},
  title = 	 { Directionlets: anisotropic multi-directional representation with separable filtering},
  school = 	 {Ecole Polytechnique F\'{e}d\'{e}rale de Lausanne},
  year = 	 2005
}

@Article{nmo,
  author = 	 {J[] B[] U[] Haldorsen and P[] A[] Farmer},
  title = 	 {Resolution and {NMO}-stretch: {Imaging} by stacking},
  journal = 	 {Geophysical Prospecting},
  year = 	 1989,
  volume =	 37,
  pages =	 {479-492}
}

@Article{shearlet,
  author = 	 {K[] Guo and D[] Labate},
  title = 	 {Optimally Sparse Multidimensional Representation using Shearlets},
  journal = 	 {SIAM Journal on Mathematical Analysis},
  year = 	 2007,
  volume = 	 39,
  pages = 	 {298-318}}

@ARTICLE{herrmann08,
author = {F. J. Herrmann and G. Hennenfent},
title = {Non-parametric seismic data recovery with curvelet frames},
journal = {Geophysical Journal International},
year = {2008},
volume = {173},
pages = {233-248}
}

@Article{hesam,
  author = 	 {S[ayed] H[esammoddin] Kazemeini and C[hristopher] Juhlin and K[im] Zinck-Jorgensen and B[en] Norden},
  title = 	 {Application of the continuous wavelet transform on seismic data for mapping of channel deposits and gas detection at the {CO2} site, {Ketzin}, {Germany}},
  journal = 	 {Geophysical Prospecting},
  year = 	 2009,
  volume =	 57,
  pages =	 {111-123}
}

@incollection{seg2009,
	author=	{Y[] Liu and S[] Fomel},
	year=	2009,
	title=	{OC-seislet: seislet transform
construction with differential offset continuation},
	publisher=	{Soc. of Expl. Geophys.},
	booktitle=	{79th Ann. Internat. Mtg},
	pages=	{3228-3232}
	}

@Article{pocs,
  author = 	 {R[] Abma and N[] Kabir},
  title = 	 {{3D} interpolation of irregular data with a {POCS} algorithm},
  journal = 	 {Geophysics},
  year = 	 2006,
  volume =	 71,
  number =	 6,
  pages =	 {E91-E97}
}

@Article{thiran,
  author = 	 {J[]-P[] Thiran},
  title = 	 {Recursive digital filters with maximally flat group delay},
  journal = 	 {IEEE Transactions on Circuit Theory},
  year = 	 1971,
  volume =	 18,
  number =	 6,
  pages =	 {659-664}
}

@Book{ripples,
  author =	 {A[] Jensen and A[] la~Cour-Harbo},
  title = 	 {Ripples in Mathematics: the discrete wavelet transform},
  publisher = 	 {Springer},
  year = 	 2001
}

@TechReport{grechka,
  author = 	 {S[] Fomel and V[] Grechka},
  title = 	 {Nonhyperbolic reflection
moveout of {P} waves. {An} overview and comparison of reasons},
  institution =  {Colorado
School of Mines},
  year = 	 2001,
  number = 	 {CWP-372}}

@InCollection{review,
  author = 	 {V[] V\"{a}lim\"{a}ki and T[] T[] Laakso},
  title = 	 {Fractional delay filters -- design and applications},
  booktitle = 	 {Nonuniform sampling: theory and practice},
  pages =	 {835-895},
  publisher =	 {Kluwer Academic/Plenum Publishers},
  year =	 2001
}

