@article{claerbout1971toward,
  title={Toward a unified theory of reflector mapping},
  author={Claerbout, Jon F},
  journal={Geophysics},
  volume={36},
  number={3},
  pages={467--481},
  year={1971},
  publisher={Society of Exploration Geophysicists}
}
@article{ji2006cgg,
  title={CGG method for robust inversion and its application to velocity-stack inversion},
  author={Ji, Jun},
  journal={Geophysics},
  volume={71},
  number={4},
  pages={R59--R67},
  year={2006},
  publisher={Society of Exploration Geophysicists}
}

@article{roden2000convolutional,
  title={Convolutional PML (CPML): An efficient FDTD implementation of the CFS-PML for arbitrary media},
  author={Roden, J Alan and Gedney, Stephen D},
  journal={Microwave and optical technology letters},
  volume={27},
  number={5},
  pages={334--338},
  year={2000},
  publisher={New York: Wiley,[c1988-}
}
@article{collino2001application,
  title={Application of the perfectly matched absorbing layer model to the linear elastodynamic problem in anisotropic heterogeneous media},
  author={Collino, Francis and Tsogka, Chrysoula},
  journal={Geophysics},
  volume={66},
  number={1},
  pages={294--307},
  year={2001},
  publisher={Society of Exploration Geophysicists}
}
@article{komatitsch2007unsplit,
  title={An unsplit convolutional perfectly matched layer improved at grazing incidence for the seismic wave equation},
  author={Komatitsch, Dimitri and Martin, Roland},
  journal={Geophysics},
  volume={72},
  number={5},
  pages={SM155--SM167},
  year={2007},
  publisher={Society of Exploration Geophysicists}
}

@article{engquist1977absorbing,
  title={Absorbing boundary conditions for numerical simulation of waves},
  author={Engquist, Bj{\"o}rn and Majda, Andrew},
  journal={Proceedings of the National Academy of Sciences},
  volume={74},
  number={5},
  pages={1765--1766},
  year={1977},
  publisher={National Acad Sciences}
}
@article{berenger1994perfectly,
  title={A perfectly matched layer for the absorption of electromagnetic waves},
  author={Berenger, Jean-Pierre},
  journal={Journal of computational physics},
  volume={114},
  number={2},
  pages={185--200},
  year={1994},
  publisher={Elsevier}
}
@article{collino2001application,
  title={Application of the perfectly matched absorbing layer model to the linear elastodynamic problem in anisotropic heterogeneous media},
  author={Collino, Francis and Tsogka, Chrysoula},
  journal={Geophysics},
  volume={66},
  number={1},
  pages={294--307},
  year={2001},
  publisher={Society of Exploration Geophysicists}
}
@article{baysal1983reverse,
  title={Reverse time migration},
  author={Baysal, Edip and Kosloff, Dan D and Sherwood, John WC},
  journal={Geophysics},
  volume={48},
  number={11},
  pages={1514--1524},
  year={1983},
  publisher={Society of Exploration Geophysicists}
}

@article{m1983migration,
  title={Migration by extrapolation of time-dependent boundary values},
  author={McMechan, GA},
  journal={Geophysical Prospecting},
  volume={31},
  number={3},
  pages={413--420},
  year={1983}
}
@article{yoon20033d,
  title={3D reverse-time migration using the acoustic wave equation: An experience with the SEG/EAGE data set},
  author={Yoon, Kwangjin and Shin, Changsoo and Suh, Sangyong and Lines, Larry R and Hong, Soonduk},
  journal={The Leading Edge},
  volume={22},
  number={1},
  pages={38--41},
  year={2003},
  publisher={Society of Exploration Geophysicists}
}
@article{guitton2006least,
  title={Least-squares attenuation of reverse-time-migration artifacts},
  author={Guitton, Antoine and Kaelin, Bruno and Biondi, Biondo},
  journal={Geophysics},
  volume={72},
  number={1},
  pages={S19--S23},
  year={2006},
  publisher={Society of Exploration Geophysicists}
}
@inproceedings{clapp2009reverse,
  title={Reverse time migration with random boundaries},
  author={Clapp, Robert G},
  booktitle={79th Annual International Meeting, SEG Expanded Abstracts},
  volume={28},
  pages={2809--2813},
  year={2009}
}
@article{clapp2010selecting,
  title={Selecting the right hardware for reverse time migration},
  author={Clapp, Robert G and Fu, Haohuan and Lindtjorn, Olav},
  journal={The Leading Edge},
  volume={29},
  number={1},
  pages={48--58},
  year={2010},
  publisher={Society of Exploration Geophysicists}
}
@article{symes2007reverse,
  title={Reverse time migration with optimal checkpointing},
  author={Symes, William W},
  journal={Geophysics},
  volume={72},
  number={5},
  pages={SM213--SM221},
  year={2007},
  publisher={Society of Exploration Geophysicists}
}
@inproceedings{foltinek2009industrial,
  title={Industrial-scale reverse time migration on gpu hardware},
  author={Foltinek, Darren and Eaton, Daniel and Mahovsky, Jeff and Moghaddam, Peyman and McGarry, Ray},
  booktitle={2009 SEG Annual Meeting},
  year={2009}
}
@inproceedings{abdelkhalek2009fast,
  title={Fast seismic modeling and reverse time migration on a GPU cluster},
  author={Abdelkhalek, Rached and Calandra, Henri and Coulaud, Olivier and Roman, Jean and Latu, Guillaume},
  booktitle={International Conference on High Performance Computing \& Simulation, HPCS'09. },
  pages={36--43},
  year={2009},
  organization={IEEE}
}
@article{liu2012issues,
  title={The issues of prestack reverse time migration and solutions with Graphic Processing Unit implementation},
  author={Liu, Hongwei and Li, Bo and Liu, Hong and Tong, Xiaolong and Liu, Qin and Wang, Xiwen and Liu, Wenqing},
  journal={Geophysical Prospecting},
  volume={60},
  number={5},
  pages={906--918},
  year={2012},
  publisher={Wiley Online Library}
}
@incollection{liu2012gpu,
  title={GPU based PSPI One-way wave high resolution migration},
  author={Liu, Hongwei and Liu, Hong and Shi, Xiaodong and Ding, Renwei and Liu, Jianhua},
  booktitle={SEG Technical Program Expanded Abstracts 2012},
  pages={1--5},
  year={2012},
  publisher={Society of Exploration Geophysicists}
}

@inproceedings{micikevicius20093d,
  title={3D finite difference computation on GPUs using CUDA},
  author={Micikevicius, Paulius},
  booktitle={Proceedings of 2nd Workshop on General Purpose Processing on Graphics Processing Units},
  pages={79--84},
  year={2009},
  organization={ACM}
}
@article{kim2012acceleration,
title = "Acceleration of stable \{TTI\} P-wave reverse-time migration with \{GPUs\} ",
journal = "Computers \& Geosciences ",
volume = "52",
number = "0",
pages = "204 - 217",
year = "2013",
note = "",
issn = "0098-3004",
doi = "http://dx.doi.org/10.1016/j.cageo.2012.10.013",
url = "http://www.sciencedirect.com/science/article/pii/S0098300412003536",
author = "Youngseo Kim and Yongchae Cho and Ugeun Jang and Changsoo Shin",
}

@inproceedings{leader2012least,
  title={Least Squares Reverse Time Migration on GPUs-Balancing IO and Computation},
  author={Leader, C and Clapp, R},
  booktitle={74th EAGE Conference \& Exhibition},
  year={2012}
}
@article{liu20133d,
  title={3D Seismic Reverse Time Migration on GPGPU},
  author={Liu, Guofeng and Liu, Yaning and Ren, Li and Meng, Xiaohong},
  journal={Computers \& Geosciences},
  year={2013},
  volume = {59},
  number = {0},
  pages = {17 - 23},
  issn = {0098-3004},
  doi = {http://dx.doi.org/10.1016/j.cageo.2013.05.009},
  publisher={Elsevier}
}


@article{cerjan1985nonreflecting,
  title={A nonreflecting boundary condition for discrete acoustic and elastic wave equations},
  author={Cerjan, Charles and Kosloff, Dan and Kosloff, Ronnie and Reshef, Moshe},
  journal={Geophysics},
  volume={50},
  number={4},
  pages={705--708},
  year={1985},
  publisher={Society of Exploration Geophysicists}
}
@inproceedings{ying2013denoise,
  title={Denoise Investigation on Prestack Reverse time Migration Based on GPU/CPU Collaborative Parallel Accelerating Computation},
  author={Ying, Shi and Dong-sheng, Tian and Xuan, Ke},
  booktitle={Fifth International Conference on Computational and Information Sciences (ICCIS)},
  pages={30--33},
  year={2013},
  organization={IEEE}
}
@incollection{suh2011expanding,
  title={Expanding domain methods in GPU based TTI reverse time migration},
  author={Suh, Sang and Wang, Bin},
  booktitle={SEG Technical Program Expanded Abstracts 2011},
  pages={3460--3464},
  year={2011},
  publisher={Society of Exploration Geophysicists}
}
@inproceedings{boonyasiriwat2010multisource,
  title={Multisource Reverse-time Migration and Full-waveform Inversion on a GPGPU},
  author={Boonyasiriwat, C and Zhan, G and Hadwiger, M and Srinivasan, M and Schuster, GT},
  booktitle={72nd EAGE Conference \& Exhibition},
  year={2010}
}
@inproceedings{fu2011eliminating,
  title={Eliminating the memory bottleneck: an FPGA-based solution for 3d reverse time migration},
  author={Fu, Haohuan and Clapp, Robert G},
  booktitle={Proceedings of the 19th ACM/SIGDA international symposium on Field programmable gate arrays},
  pages={65--74},
  year={2011},
  organization={ACM}
}
@article{komatitsch2010high,
  title={High-order finite-element seismic wave propagation modeling with MPI on a large GPU cluster},
  author={Komatitsch, Dimitri and Erlebacher, Gordon and G{\"o}ddeke, Dominik and Mich{\'e}a, David},
  journal={Journal of Computational Physics},
  volume={229},
  number={20},
  pages={7692--7714},
  year={2010},
  publisher={Elsevier}
}
@article{michea2010accelerating,
  title={Accelerating a three-dimensional finite-difference wave propagation code using GPU graphics cards},
  author={Mich{\'e}a, David and Komatitsch, Dimitri},
  journal={Geophysical Journal International},
  volume={182},
  number={1},
  pages={389--402},
  year={2010},
  publisher={Blackwell Publishing Ltd}
}
@inproceedings{guo2013application,
  title={The Application of GPU-based TTI RTM in a Complex Area with Shallow Gas and Fault Shadow-A Case History},
  author={Guo, M and Chen, Y and Wang, H},
  booktitle={75th EAGE Conference \& Exhibition},
  year={2013}
}
@article{weiss2013solving,
  title={Solving 3D anisotropic elastic wave equations on parallel GPU devices},
  author={Weiss, Robin M and Shragge, Jeffrey},
  journal={Geophysics},
  volume={78},
  number={2},
  pages={F7--F15},
  year={2013},
  publisher={Society of Exploration Geophysicists}
}
@inproceedings{calandra2011implementation,
  title={Implementation of the Full Waveform Inversion on GPU Cluster},
  author={Calandra, Henri and Denel, Bertrand and Choy, Laurent and Bernard, Pierre Eric},
  booktitle={73rd EAGE Conference \& Exhibition-Workshops},
  year={2011}
}
@incollection{ji2012iterative,
  title={Iterative velocity model building using GPU based layer-stripping TTI RTM},
  author={Ji, Qien and Suh, Sang and Wang, Bin},
  booktitle={SEG Technical Program Expanded Abstracts 2012},
  pages={1--5},
  year={2012},
  publisher={Society of Exploration Geophysicists}
}

@article{komatitsch2010high,
  title={High-order finite-element seismic wave propagation modeling with MPI on a large GPU cluster},
  author={Komatitsch, Dimitri and Erlebacher, Gordon and G{\"o}ddeke, Dominik and Mich{\'e}a, David},
  journal={Journal of Computational Physics},
  volume={229},
  number={20},
  pages={7692--7714},
  year={2010},
  publisher={Elsevier}
}

@inproceedings{medeiros2011fpga,
  title={FPGA-based Accelerator to Speed-up Seismic Applications},
  author={Medeiros, VWC and Rocha, RCF and Ferreira, APA and Correia, JCBL and Barbosa, JPF and Silva-Filho, AG and Lima, ME and Gandra, Rodrigo and Bragan{\c{c}}a, Ricardo},
  booktitle={2011 Simpasio em Sistemas Computacionais (WSCAD-SSC)},
  pages={9--9},
  year={2011},
  organization={IEEE}
}
@inproceedings{hussain2011implementation,
  title={Implementation of a Reverse Time Migration Kernel using the HCE High Level Synthesis Tool},
  author={Hussain, Tassadaq and Pericas, Miquel and Navarro, Nacho and Ayguad{\'e}, Eduard},
  booktitle={International Conference on Field-Programmable Technology (FPT)},
  pages={1--8},
  year={2011},
  organization={IEEE}
}
@article{suh2010cluster,
  title={Cluster programming for reverse time migration},
  author={Suh, Sang Yong and Yeh, Alex and Wang, Bin and Cai, Jun and Yoon, Kwangjin and Li, Zhiming},
  journal={The leading edge},
  volume={29},
  number={1},
  pages={94--97},
  year={2010},
  publisher={Society of Exploration Geophysicists}
}
@inproceedings{liu2009anisotropic,
  title={Anisotropic reverse-time migration using co-processors},
  author={Liu, Wei and Nemeth, Tamas and Loddoch, Alexander and Stefani, Joseph and Ergas, Ray and Zhuo, Ling and Volz, Bill and Pell, Oliver and Huggett, James},
  booktitle={SEG Houston International Exposition. SEG},
  year={2009}
}
@inproceedings{komatitsch2010running,
  title={Running 3D Finite-difference or Spectral-element Wave Propagation Codes 25x to 50x Faster Using a GPU Cluster},
  author={Komatitsch, Dimitri and Mich{\'e}a, D and Erlebacher, G and G{\"o}ddeke, D},
  booktitle={72nd EAGE Conference \& Exhibition},
  year={2010}
}
@inproceedings{lin2012application,
  title={Application of GPUs in Seismic Depth Migration},
  author={Lin, C and Wang, HQ},
  booktitle={74th EAGE Conference \& Exhibition},
  year={2012}
}
@article{liu2012fourier,
  title={A Fourier integral algorithm and its GPU/CPU collaborative implementation for one-way wave equation migration},
  author={Liu, Hong-wei and Liu, Hong and Tong, Xiao-Long and Liu, Qin},
  journal={Computers \& Geosciences},
  volume={45},
  pages={139--148},
  year={2012},
  publisher={Elsevier}
}
@article{dussaud2008computational,
  title={Computational strategies for reverse-time migration},
  author={Dussaud, Eric and Symes, William W and Williamson, Paul and Lemaistre, Larent and Singer, Paul and Denel, Bertrand and Cherrett, Adam},
  journal={SEG Annual meeting},
  year={2008}
}

@article{yoon2006reverse,
  title={Reverse-time migration using the Poynting vector},
  author={Yoon, Kwangjin and Marfurt, Kurt J},
  journal={Exploration Geophysics},
  volume={37},
  number={1},
  pages={102--107},
  year={2006},
  publisher={CSIRO}
}
@article{costa2009obliquity,
  title={Obliquity-correction imaging condition for reverse time migration},
  author={Costa, JC and Silva Neto, FA and Alcantara, MR and Schleicher, J and Novais, A},
  journal={Geophysics},
  volume={74},
  number={3},
  pages={S57--S66},
  year={2009},
  publisher={Society of Exploration Geophysicists}
}
@book{bjorck1996numerical,
  title={Numerical methods for least squares problems},
  author={Bjorck, Ake},
  number={51},
  year={1996},
  publisher={Society for Industrial and Applied Mathematics}
}
@article{virieux2009overview,
  title={An overview of full-waveform inversion in exploration geophysics},
  author={Virieux, Jean and Operto, St{\'e}phane},
  journal={Geophysics},
  volume={74},
  number={6},
  pages={WCC1--WCC26},
  year={2009},
  publisher={Society of Exploration Geophysicists}
}
@article{tarantola1984inversion,
  title={Inversion of seismic reflection data in the acoustic approximation},
  author={Tarantola, Albert},
  journal={Geophysics},
  volume={49},
  number={8},
  pages={1259--1266},
  year={1984},
  publisher={Society of Exploration Geophysicists}
}
@article{tarantola1986strategy,
  title={A strategy for nonlinear elastic inversion of seismic reflection data},
  author={Tarantola, Albert},
  journal={Geophysics},
  volume={51},
  number={10},
  pages={1893--1903},
  year={1986},
  publisher={Society of Exploration Geophysicists}
}
@article{pica1990nonlinear,
  title={Nonlinear inversion of seismic reflection data in a laterally invariant medium},
  author={Pica, A and Diet, JP and Tarantola, A},
  journal={Geophysics},
  volume={55},
  number={3},
  pages={284--292},
  year={1990},
  publisher={Society of Exploration Geophysicists}
}
@article{pratt1998gauss,
  title={Gauss--Newton and full Newton methods in frequency--space seismic waveform inversion},
  author={Pratt, Gerhard and Shin, Changsoo and others},
  journal={Geophysical Journal International},
  volume={133},
  number={2},
  pages={341--362},
  year={1998},
  publisher={Wiley Online Library}
}
@article{guitton2007smoothing,
  title={Smoothing imaging condition for shot-profile migration},
  author={Guitton, Antoine and Valenciano, Alejandro and Bevc, Dimitri and Claerbout, Jon},
  journal={Geophysics},
  volume={72},
  number={3},
  pages={S149--S154},
  year={2007},
  publisher={Society of Exploration Geophysicists}
}
@book{nvidia2011nvidia,
  title={Nvidia cuda c programming guide},
  author={Nvidia, CUDA},
  journal={NVIDIA Corporation},
  year={2011}
}

@article{fornberg1988generation,
  title={Generation of finite difference formulas on arbitrarily spaced grids},
  author={Fornberg, Bengt},
  journal={Mathematics of computation},
  volume={51},
  number={184},
  pages={699--706},
  year={1988}
}

@book{biondi20063d,
  title={3D seismic imaging},
  author={Biondi, Biondo},
  number={14},
  year={2006},
  publisher={Society of Exploration Geophysicists}
}
@article{liu2013wavefield,
  author={Hongwei Liu and Renwei Ding and Lu Liu and Hong Liu},
  title={Wavefield reconstruction methods for reverse time migration},
  journal={Journal of Geophysics and Engineering},
  volume={10},
  number={1},
  pages={015004},
  url={http://stacks.iop.org/1742-2140/10/i=1/a=015004},
  year={2013},
}
@article{m8r,
  author = {S. Fomel and P. Sava and I. Vlad and Y. Liu and  V. Bashkardin},
  title = {Madagascar: open-source software project for multidimensional data analysis and reproducible computational experiments},
  journal = 	 {Journal of Open Research Software},
  year = 	 2013,
  volume = 	 1,
  number = 	 1,
  pages = 	 {e8},
  doi =          {http://dx.doi.org/10.5334/jors.ag}
}
