@article{claerbout1971toward,
  title={Toward a unified theory of reflector mapping},
  author={Claerbout, Jon F},
  journal={Geophysics},
  volume={36},
  number={3},
  pages={467--481},
  year={1971},
  publisher={Society of Exploration Geophysicists}
}
@article{symes2008migration,
  title={Migration velocity analysis and waveform inversion},
  author={Symes, William W},
  journal={Geophysical Prospecting},
  volume={56},
  number={6},
  pages={765--790},
  year={2008},
  publisher={Wiley Online Library}
}

@article{ji2006cgg,
  title={CGG method for robust inversion and its application to velocity-stack inversion},
  author={Ji, Jun},
  journal={Geophysics},
  volume={71},
  number={4},
  pages={R59--R67},
  year={2006},
  publisher={Society of Exploration Geophysicists}
}

@article{roden2000convolutional,
  title={Convolutional PML (CPML): An efficient FDTD implementation of the CFS-PML for arbitrary media},
  author={Roden, J Alan and Gedney, Stephen D},
  journal={Microwave and optical technology letters},
  volume={27},
  number={5},
  pages={334--338},
  year={2000},
  publisher={New York: Wiley,[c1988-}
}
@article{collino2001application,
  title={Application of the perfectly matched absorbing layer model to the linear elastodynamic problem in anisotropic heterogeneous media},
  author={Collino, Francis and Tsogka, Chrysoula},
  journal={Geophysics},
  volume={66},
  number={1},
  pages={294--307},
  year={2001},
  publisher={Society of Exploration Geophysicists}
}
@article{komatitsch2007unsplit,
  title={An unsplit convolutional perfectly matched layer improved at grazing incidence for the seismic wave equation},
  author={Komatitsch, Dimitri and Martin, Roland},
  journal={Geophysics},
  volume={72},
  number={5},
  pages={SM155--SM167},
  year={2007},
  publisher={Society of Exploration Geophysicists}
}

@article{engquist1977absorbing,
  title={Absorbing boundary conditions for numerical simulation of waves},
  author={Engquist, Bj{\"o}rn and Majda, Andrew},
  journal={Proceedings of the National Academy of Sciences},
  volume={74},
  number={5},
  pages={1765--1766},
  year={1977},
  publisher={National Acad Sciences}
}
@article{berenger1994perfectly,
  title={A perfectly matched layer for the absorption of electromagnetic waves},
  author={Berenger, Jean-Pierre},
  journal={Journal of computational physics},
  volume={114},
  number={2},
  pages={185--200},
  year={1994},
  publisher={Elsevier}
}
@article{collino2001application,
  title={Application of the perfectly matched absorbing layer model to the linear elastodynamic problem in anisotropic heterogeneous media},
  author={Collino, Francis and Tsogka, Chrysoula},
  journal={Geophysics},
  volume={66},
  number={1},
  pages={294--307},
  year={2001},
  publisher={Society of Exploration Geophysicists}
}
@article{baysal1983reverse,
  title={Reverse time migration},
  author={Baysal, Edip and Kosloff, Dan D and Sherwood, John WC},
  journal={Geophysics},
  volume={48},
  number={11},
  pages={1514--1524},
  year={1983},
  publisher={Society of Exploration Geophysicists}
}
@article{shin2008waveform,
  title={Waveform inversion in the {Laplace} domain},
  author={Shin, Changsoo and Cha, Young Ho},
  journal={Geophysical Journal International},
  volume={173},
  number={3},
  pages={922--931},
  year={2008},
  publisher={Wiley Online Library}
}

@article{shin2009waveform,
  title={Waveform inversion in the {Laplace-Fourier} domain},
  author={Shin, Changsoo and Cha, Young Ho},
  journal={Geophysical Journal International},
  volume={177},
  number={3},
  pages={1067--1079},
  year={2009},
  publisher={Oxford University Press}
}
@article{gauthier1986two,
  title={Two-dimensional nonlinear inversion of seismic waveforms: Numerical results},
  author={Gauthier, Odile and Virieux, Jean and Tarantola, Albert},
  journal={Geophysics},
  volume={51},
  number={7},
  pages={1387--1403},
  year={1986},
  publisher={Society of Exploration Geophysicists}
}

@article{bai2014viscoacoustic,
  title={Viscoacoustic waveform inversion of velocity structures in the time domain},
  author={Bai, Jianyong and Yingst, David and Bloor, Robert and Leveille, Jacques},
  journal={Geophysics},
  volume={79},
  number={3},
  pages={R103--R119},
  year={2014},
  publisher={Society of Exploration Geophysicists}
}

@book{bjorck1996numerical,
  title={Numerical methods for least squares problems},
  author={Bjorck, Ake},
  number={51},
  year={1996},
  publisher={Society for Industrial and Applied Mathematics}
}
@article{virieux2009overview,
  title={An overview of full-waveform inversion in exploration geophysics},
  author={Virieux, Jean and Operto, St{\'e}phane},
  journal={Geophysics},
  volume={74},
  number={6},
  pages={WCC1--WCC26},
  year={2009},
  publisher={Society of Exploration Geophysicists}
}
@article{tarantola1984inversion,
  title={Inversion of seismic reflection data in the acoustic approximation},
  author={Tarantola, Albert},
  journal={Geophysics},
  volume={49},
  number={8},
  pages={1259--1266},
  year={1984},
  publisher={Society of Exploration Geophysicists}
}
@article{tarantola1986strategy,
  title={A strategy for nonlinear elastic inversion of seismic reflection data},
  author={Tarantola, Albert},
  journal={Geophysics},
  volume={51},
  number={10},
  pages={1893--1903},
  year={1986},
  publisher={Society of Exploration Geophysicists}
}
@article{pica1990nonlinear,
  title={Nonlinear inversion of seismic reflection data in a laterally invariant medium},
  author={Pica, A and Diet, JP and Tarantola, A},
  journal={Geophysics},
  volume={55},
  number={3},
  pages={284--292},
  year={1990},
  publisher={Society of Exploration Geophysicists}
}
@article{pratt1998gauss,
  title={Gauss--Newton and full Newton methods in frequency--space seismic waveform inversion},
  author={Pratt, Gerhard and Shin, Changsoo and others},
  journal={Geophysical Journal International},
  volume={133},
  number={2},
  pages={341--362},
  year={1998},
  publisher={Wiley Online Library}
}
@article{shin20143d,
  title={3{D} Laplace-domain full waveform inversion using a single {GPU} card},
  author={Shin, Jungkyun and Ha, Wansoo and Jun, Hyunggu and Min, Dong-Joo and Shin, Changsoo},
  journal={Computers \& Geosciences},
  volume={67},
  pages={1--13},
  year={2014},
  publisher={Elsevier}
}
@article{hager2006survey,
  title={A survey of nonlinear conjugate gradient methods},
  author={Hager, William W and Zhang, Hongchao},
  journal={Pacific journal of Optimization},
  volume={2},
  number={1},
  pages={35--58},
  year={2006}
}
@inproceedings{wang2011cuda,
  title={{CUDA}-based acceleration of full waveform inversion on {GPU}},
  author={Wang, Baoli and Gao, Jinghuai and Zhang, Huanlan and Zhao, Wei and others},
  booktitle={2011 SEG Annual Meeting},
  year={2011},
  organization={Society of Exploration Geophysicists}
}

@inproceedings{micikevicius20093d,
  title={3{D} finite difference computation on {GPU}s using {CUDA}},
  author={Micikevicius, Paulius},
  booktitle={Proceedings of 2nd Workshop on General Purpose Processing on Graphics Processing Units},
  pages={79--84},
  year={2009},
  organization={ACM}
}

@inproceedings{boonyasiriwat2010multisource,
  title={Multisource Reverse-time Migration and Full-waveform Inversion on a {GPGPU}},
  author={Boonyasiriwat, C and Zhan, G and Hadwiger, M and Srinivasan, M and Schuster, GT},
  booktitle={72nd EAGE Conference \& Exhibition},
  year={2010}
}
@article{bunks1995multiscale,
  title={Multiscale seismic waveform inversion},
  author={Bunks, Carey and Saleck, Fatimetou M and Zaleski, S and Chavent, G},
  journal={Geophysics},
  volume={60},
  number={5},
  pages={1457--1473},
  year={1995},
  publisher={Society of Exploration Geophysicists}
}

@article{m8r,
  author = {S. Fomel and P. Sava and I. Vlad and Y. Liu and  V. Bashkardin},
  title = {Madagascar: open-source software project for multidimensional data analysis and reproducible computational experiments},
  journal = 	 {Journal of Open Research Software},
  year = 	 2013,
  volume = 	 1,
  number = 	 1,
  pages = 	 {e8},
  doi =          {http://dx.doi.org/10.5334/jors.ag}
}

@article{guitton2012constrained,
  title={Constrained full-waveform inversion by model reparameterization 1},
  author={Guitton, Antoine and Ayeni, Gboyega and D{\'\i}az, Esteban},
  journal={Geophysics},
  volume={77},
  number={2},
  pages={R117--R127},
  year={2012},
  publisher={Society of Exploration Geophysicists}
}
@article{dussaud2008computational,
  title={Computational strategies for reverse-time migration},
  author={Dussaud, Eric and Symes, William W and Williamson, Paul and Lemaistre, Larent and Singer, Paul and Denel, Bertrand and Cherrett, Adam},
  journal={SEG Annual meeting},
  year={2008}
}
@article{Yang201464,
  title = {{RTM} using effective boundary saving: A staggered grid {GPU} implementation },
  journal = {Computers \& Geosciences},
  author = {Pengliang Yang and Jinghuai Gao and Baoli Wang},
  volume = {68},
  number = {0},
  pages = {64 - 72},
  year = {2014},
  issn = {0098-3004},
  doi = {http://dx.doi.org/10.1016/j.cageo.2014.04.004},
  url = {http://www.sciencedirect.com/science/article/pii/S0098300414000818},
}

@inproceedings{ayeni2009joint,
  title={Joint preconditioned least-squares inversion of simultaneous source time-lapse seismic data sets},
  author={Ayeni, Gboyega and Tang, Yaxun and Biondi, Bindo and others},
  booktitle={2009 SEG Annual Meeting},
  year={2009},
}

@article{schiemenz2013accelerated,
  title={Accelerated {3-D} full-waveform inversion using simultaneously encoded sources in the time domain: application to Valhall ocean-bottom cable data},
  author={Schiemenz, Alan and Igel, Heiner},
  journal={Geophysical Journal International},
  volume={195},
  number={3},
  pages={1970--1988},
  year={2013},
  publisher={Oxford University Press}
}

@article{moghaddam2013new,
  title={A new optimization approach for source-encoding full-waveform inversion},
  author={Moghaddam, Peyman P and Keers, Henk and Herrmann, Felix J and Mulder, Wim A},
  journal={Geophysics},
  volume={78},
  number={3},
  pages={R125--R132},
  year={2013},
  publisher={Society of Exploration Geophysicists}
}

@article{harris2007optimizing,
  title={Optimizing parallel reduction in CUDA},
  author={Harris, Mark and others},
  journal={NVIDIA Developer Technology},
  volume={2},
  pages={45},
  year={2007}
}
@article{clayton1977absorbing,
  title={Absorbing boundary conditions for acoustic and elastic wave equations},
  author={Clayton, Robert and Engquist, Bj{\"o}rn},
  journal={Bulletin of the Seismological Society of America},
  volume={67},
  number={6},
  pages={1529--1540},
  year={1977},
  publisher={Seismological Society of America}
}

@article{liu2013wavefield,
  title={Wavefield reconstruction methods for reverse time migration},
  author={Liu, Hongwei and Ding, Renwei and Liu, Lu and Liu, Hong},
  journal={Journal of Geophysics and Engineering},
  volume={10},
  number={1},
  pages={015004},
  year={2013},
  publisher={IOP Publishing}
}
