@ARTICLE{Shipley.aapetgeo.63,
   author = {T[] H[] Shipley and M[] H[] Houston and R[] T[] Buffler and F[] J[] Shaub and K[] J[] McMillen and J[] W[] Ladd and J[] L[] Worze},
   journal = {Am. Assoc. Pet. Geol. Bull.},
   title = {Seismic Evidence for Widespread Possible Gas Hydrate Horizons on
            Continental Slopes and Rises},
   volume = {63},
   pages = {2204--2213},
   year = {1979}
}

@ARTICLE{Miller.aapetgeo.75,
   author = {J[] J[] Miller and M[] W[] Lee and R[] vonHuene},
   journal = {Am. Assoc. Pet. Geol. Bull. },
   title = {An Analysis of a Seismic Reflection from the Base of a Gas Hydrate
            Zone , Offshore {{Peru}}},
   volume = {75},
   pages = {910--924},
   year = {1991}
}

@article{Hyndman2.jgr.97,
   author = {R[oy] Hyndman and G[] Spence},
   journal = {J. Geophys. Res.},
   title = {A Seismic Study of Methane Hydrate Marine Bottom Simulating
            Reflectors},
   volume = {97},
   pages = {6683--6698},
   year = {1992}
}

@ARTICLE{Kvenvolden.revgeo.31,
   author = {K[eith] Kvenvolden},
   journal = {Reviews of Geophysics},
   title = {Gas Hydrates -- Geological Perspective and Global Change},
   volume = {31},
   pages = {173--187},
   year = {1993}
}

@article{Hyndman.jgr.97,
   author = {R[oy] Hyndman and E[arl] Davis},
   journal = {J. Geophys. Res.},
   title = {A Mechanism for the Formation of Methane Hydrate and Seafloor
            Bottom Simulating Reflectors by Vertical Fluid Expulsion},
   volume = {97},
   pages = {7025--7041},
   year = {1992}
}

@ARTICLE{Singh.science.260,
   author = { S[atish] Singh and T[] A[] Minshull and G[] Spence},
   journal = {Science},
   title = {Velocity Structure of a Gas Hydrate Reflector},
   volume = {260},
   pages = {204--207},
   year = {1993}
}

@ARTICLE{Kvenvolden.aapetgeo.34,
   author = {K[] A[] Kvenvolden and L[] A[] Barnard },
   journal = {Am. Assoc. Pet. Geol. Mem. },
   title = {Hydrates of Natural Gas in Continental Margins},
   volume = {34},
   pages = {631--640},
   year = {1983a}
}

@ARTICLE{Shuey.geophys.50,
   author = {R[] T[] Shuey},
   journal = {Geophysics},
   title = {A Simplification of {{Zoeppritz}} Equations},
   volume = {50},
   pages = {609--614},
   year = {1985}
}

@ARTICLE{Ecker.agu.93.370,
   author = {C[hristine] Ecker and D[avid] E[] Lumley},
   journal = {EOS, Transactions, American Geophysical Union},
   title = {{AVO} Analysis of Methane Hydrate Seismic Data},
   volume = {74},
   pages = {370},
   year = {1993}
}

