@ARTICLE{Brown.earth.139,
   author={K[] M[] Brown and N[] L[] Bangs and P[] N[] Froelich and K[] A[] Kvenvolden},
   journal = {Earth and Planet. Sci. Lts.},
   title= {The nature, distribution, and origin of gas hydrate in the {Chile Triple Junction} region},
   volume={139},
   pages={471--483},
   year = {1996}
}

@ARTICLE{Holbrook.science.273,
   author = {W[] S[] Holbrook and H[] Hoskins and W[] T[] Wood and R[] A[] Stephen and D[] Lizarralde and the Leg 164 Scientific Party},
   journal = {Science},
   title={Methane hydrate and free gas on the {Blake Ridge} from vertical seismic profiling},
   volume={273},
   pages={1840--1843},
   year={1996}
}
   

@incollection{spratt.avo,
   author={R[] S[] Spratt and N[] R[] Goins and T[] J[] Fitch},
   title={Pseudo-{shear} - {The analysis of AVO}},
   booktitle={Offset dependent reflectivity - {Theory} and practice of {AVO}
              analysis},
   publisher = {Soc. Expl. Geophys.},
   year = {1993},
   pages={37--56},
   editor={J[] P[] Castagna and M[] M[] Backus}
}

@incollection{Swan.avo,
   author={H[] W[] Swan},
   title={Properties of direct {AVO} hydrocarbon indicators},
   booktitle={Offset dependent reflectivity - {Theory} and practice of {AVO}
              analysis},
   publisher = {Soc. Expl. Geophys.},
   year = {1993},
   pages={78--92},
   editor={J[] P[] Castagna and M[] M[] Backus}
}



@inproceedings{Wijngaarden.seg.96,
   author = {A[] J[] van Wijngaarden and A[] J[] Berkhout},
   booktitle={Expanded Abstracts},
   pages={1711--1714},
   publisher={Soc. Expl. Geophys.},
   title={Resolution analysis and {AVO} attributes},
   year = {1996},
   meeting="66th Ann. Internat. Mtg."
}

@inproceedings{Tura.seg.95,
   author = {M[] A[] C[] Tura and C[] Hanitzsch},
   booktitle={Expanded Abstracts},
   pages={1028--1031},
   publisher={Soc. Expl. Geophys.},
   title={Influence of velocity uncertainty on AVO migration/inversion},
   year = {1995},
   meeting="65th Ann. Internat. Mtg."
}




@ARTICLE{leg164,
   author={R[] Matsumoto and C[] Paull and P[] Wallace and the Leg 164 Scientific party},
   journal = {ODP, Leg 164 Preliminary Report},
   title={Gas hydrate sampling on the {Blake Ridge and Carolina Rise}},
   year={1996}
}

@ARTICLE{Okuda.ngh.96,
    author = {Y[] Okuda},
    journal = {Proceedings of the 2nd Int. Conf. on Natural Gas Hydrates},
    title={Research on gas hydrates for resource assessement in relation to nati
onal drilling program in Japan},
    volume = {},
    pages = {633--639},
    year = {1996}
}

@ARTICLE{Dickens.nature.385,
     author = {G[] R[] Dickens and C[] K[] Paull and P[] Wallace and the ODP Leg
164 Scientific Party},
     journal = {Nature},
     title={Direct measurement of in situ methane quantities in a large gas-hydra
te reservoir},
     volume={385},
     pages = {426--428},
     year = {1997}
}

@ARTICLE{Pecher.agu.96,
   author={I[] A[] Pecher and W[] A[] Hollbrock and R[] A[] Stephen and H[] Hoski
ns and D[] Lizzaralde and D[] R[] Hutchinson and W[] T[] Wood and the ODP Leg 164
 Scientific Party},
   journal = {AGU 1996 Fall Meeting Abstracts},
   title={Walkaway {VSP}s through methane hydrate bearing sediments at the {Blake
} {Ridge}, {ODP} {Leg} 164 - first results},
   year={1996}
}

@ARTICLE{Minshull.jgr.99,
   author = {T{} A[] Minshull and S[] C[] Singh and G[] K[] Westbrook},
   journal = {Journ. Geophys. Res.},
   title={Seismic velocity structure at a gas hydrate reflector, offshore 
          western {Columbia}, from full waveform inversion},
   volume = {99},
   pages={4715--4734},
   year = {1994}
}

@ARTICLE{Andreassen.jgr.100,
   author = {K[] Andreassen and P[] E[] Hart and A[] Grantz},
   journal = {Jour. Geophys. Res.},
   title={Seismic studies of a bottom simulating reflector related to gas 
          hydrate beneath a continental margin of the {Beaufort Sea}},
   volume = {100},
   pages={12659--12673},
   year = {1995}
}

@ARTICLE{Yuan.jgr.101,
  author={T[] Yuan and R[] D[] Hyndman and G[] D[] Spence and B[] Desmons},
  journal = {Jour. Geophys. res.},
  title={Seismic velocity increase and deep-sea hydrate concentration
         above a bottom-simulating reflector on the northern {Cascadian}                 slope},
  volume = {101},
  pages={13655--13671},
  year={1996}
}

@ARTICLE{Laberg.marine.13,
  author={J[] S[] Laberg and K[] Andreassen},
  journal = {Marine and Pet. Geol.},
  title={Gas hydrate and free gas indications within the {Cenozoic} succession
         of the {Bjornoya Basin}, western {Barents sea}},
  volume={13},
  pages={921--940},
  year={1996}
} 

@ARTICLE{Hamilton.geo.41,
   author={E[] L[] Hamilton},
   journal={Geophysics},
   title={Shear-wave velocity versus depth in marine sediments: {A} review},
   volume={41},
   pages={985--996},
   year={1976}
}

@ARTICLE{Lee.marine.16,
   author={M[] W[] Lee and D[] R[] Hutchinson and W[] F[] Agena and W[] P[] Dillon and J[] J[] Miller and B[] A[] Swift},
   journal = {Marine Geophys. Res.},
   title={Seismic character of gas hydrates on the southeastern {U.S.} continental margin},
   volume={16},
   pages={163--184},
   year={1994}
}
