@article{Noye2000385,
title = "Explicit finite difference methods for variable velocity advection in the presence of a source",
journal = "Computers \& Fluids",
volume = "29",
number = "4",
pages = "385 - 399",
year = "2000",
note = "",
issn = "0045-7930",
doi = "10.1016/S0045-7930(99)00029-8",
url = "http://www.sciencedirect.com/science/article/pii/S0045793099000298",
author = "B.J Noye",
keywords = "Finite differences",
keywords = "Semi-Lagrangian",
keywords = "Advection",
keywords = "Source",
keywords = "Explicit",
keywords = "Second-order"
}

@article{davis:2775,
author = {Sanford Davis},
collaboration = {},
title = {Low-dispersion finite difference methods for acoustic waves in a pipe},
publisher = {ASA},
year = {1991},
journal = {The Journal of the Acoustical Society of America},
volume = {90},
number = {5},
pages = {2775-2781},
keywords = {PIPES; SOUND WAVES; FINITE DIFFERENCE METHOD; ONE--DIMENSIONAL CALCULATIONS; BOUNDARY--VALUE PROBLEMS; ALGORITHMS; TRANSIENTS; DUCTS; SOUND FIELDS},
url = {http://link.aip.org/link/?JAS/90/2775/1},
doi = {10.1121/1.401874}
}


@article{harlan:1869,
author = {William S. Harlan and Jon F. Claerbout and Fabio Rocca},
collaboration = {},
title = {Signal/noise separation and velocity estimation},
publisher = {SEG},
year = {1984},
journal = {Geophysics},
volume = {49},
number = {11},
pages = {1869-1880},
url = {http://link.aip.org/link/?GPY/49/1869/1},
doi = {10.1190/1.1441600}
}

@article{bardan1987trace,
  title={Trace Interpolation in Seismic Data Processing},
  author={Bardan, V},
  journal={Geophysical Prospecting},
  volume={35},
  number={4},
  pages={343--358},
  year={1987},
  publisher={Wiley Online Library}
}

@article{barnes:264,
author = {Arthur E. Barnes},
collaboration = {},
title = {Theory of 2-{D} complex seismic trace analysis},
publisher = {SEG},
year = {1996},
journal = {Geophysics},
volume = {61},
number = {1},
pages = {264-272},
url = {http://link.aip.org/link/?GPY/61/264/1},
doi = {10.1190/1.1443947}
}

@article{marfurt:P29,
author = {Kurt J. Marfurt},
collaboration = {},
title = {Robust estimates of {3D} reflector dip and azimuth},
publisher = {SEG},
year = {2006},
journal = {Geophysics},
volume = {71},
number = {4},
pages = {P29-P40},
keywords = {seismology; stratigraphy},
url = {http://link.aip.org/link/?GPY/71/P29/1},
doi = {10.1190/1.2213049}
}




@article{yung:1947,
author = {S. K. Yung and Luc T. Ikelle},
collaboration = {},
title = {An example of seismic time picking by third-order bicoherence},
publisher = {SEG},
year = {1997},
journal = {Geophysics},
volume = {62},
number = {6},
pages = {1947-1952},
url = {http://link.aip.org/link/?GPY/62/1947/1},
doi = {10.1190/1.1444295}
}

@article{fomel:A25,
author = {Sergey Fomel},
collaboration = {},
title = {Predictive painting of {3D} seismic volumes},
publisher = {SEG},
year = {2010},
journal = {Geophysics},
volume = {75},
number = {4},
pages = {A25-A30},
keywords = {geophysical techniques; seismic waves; seismology},
url = {http://link.aip.org/link/?GPY/75/A25/1},
doi = {10.1190/1.3453847}
}

@article{GPR:GPR231,
author = {Srinivasan, Karthik and Ikelle, Luc T.},
title = {Short note: Applications of third-order statistics for the automatic time picking of seismic events},
journal = {Geophysical Prospecting},
volume = {49},
number = {1},
publisher = {Blackwell Science Ltd},
issn = {1365-2478},
url = {http://dx.doi.org/10.1046/j.1365-2478.2001.00231.x},
doi = {10.1046/j.1365-2478.2001.00231.x},
pages = {155--158},
year = {2001},
}

@article{chen:2012a,
author = {Chen, Z. and Fomel, S. and Lu, W.},
title = {Accelerated plane-wave destruction},
journal = {Geophysics},
volume = {78},
number = {1},
pages = {V1-V9},
year = {2013},
doi = {10.1190/geo2012-0142.1},
URL = {http://library.seg.org/doi/abs/10.1190/geo2012-0142.1},
eprint = {http://library.seg.org/doi/pdf/10.1190/geo2012-0142.1}
}




@article{fomel:R29,
author = {Sergey Fomel},
collaboration = {},
title = {Shaping regularization in geophysical-estimation problems},
publisher = {SEG},
year = {2007},
journal = {Geophysics},
volume = {72},
number = {2},
pages = {R29-R36},
keywords = {conjugate gradient methods; low-pass filters; least squares approximations; iterative methods; interpolation; seismic waves},
url = {http://link.aip.org/link/?GPY/72/R29/1},
doi = {10.1190/1.2433716}
}



@book{claerbout1992earth,
title={Earth soundings analysis: Processing versus inversion},
author={Jon F. Claerbout},
year={1992},
url={http://sep.stanford.edu/sep/prof/index.html},
publisher={Blackwell Scientific Publications}
}


@article{thiran1971recursive,
  title={Recursive digital filters with maximally flat group delay},
  author={Thiran, J.P.},
  journal={IEEE Transactions on Circuit Theory},
  volume={18},
  number={6},
  pages={659--664},
  year={1971},
  publisher={IEEE}
}

@ARTICLE{zhang2009maxflat,
author={Xi Zhang},
journal={IEEE Transactions on Signal Processing},
title={Maxflat Fractional Delay {IIR} Filter Design},
year={2009},
month={aug. },
volume={57},
number={8},
pages={2950 -2956},
keywords={IIR filter design;Vandermonde equations;arbitrarily specified frequency point;digital filters;filter coefficients;frequency response;infinite-impulse-response filters;linear equations;linear system;maxflat fractional delay filter;signal processing;IIR filters;frequency response;linear systems;signal processing;},
doi={10.1109/TSP.2009.2019231},
ISSN={1053-587X},
}


@article{fomel:1946,
author = {Sergey Fomel},
collaboration = {},
title = {Applications of plane-wave destruction filters},
publisher = {SEG},
year = {2002},
journal = {Geophysics},
volume = {67},
number = {6},
pages = {1946-1960},
keywords = {seismology; seismic waves; filters; imaging; signal processing; finite difference methods; parameter estimation},
url = {http://link.aip.org/link/?GPY/67/1946/1},
doi = {10.1190/1.1527095}
}


@article{fomel:U89,
author = {Sergey Fomel and Evgeny Landa and M. Turhan Taner},
collaboration = {},
title = {Poststack velocity analysis by separation and imaging of seismic diffractions},
publisher = {SEG},
year = {2007},
journal = {Geophysics},
volume = {72},
number = {6},
pages = {U89-U94},
keywords = {geophysical signal processing; seismic waves; seismology},
url = {http://link.aip.org/link/?GPY/72/U89/1},
doi = {10.1190/1.2781533}
}



@article{fomel:V25,
author = {Sergey Fomel and Yang Liu},
collaboration = {},
title = {Seislet transform and seislet frame},
publisher = {SEG},
year = {2010},
journal = {Geophysics},
volume = {75},
number = {3},
pages = {V25-V38},
keywords = {data analysis; data compression; geophysical signal processing; geophysical techniques; seismology; wavelet transforms},
url = {http://link.aip.org/link/?GPY/75/V25/1},
doi = {10.1190/1.3380591}
}


@article{marfurt:104,
author = {Kurt J. Marfurt and V. Sudhaker and Adam Gersztenkorn and Kelly D. Crawford and Susan E. Nissen},
collaboration = {},
title = {Coherency calculations in the presence of structural dip},
publisher = {SEG},
year = {1999},
journal = {Geophysics},
volume = {64},
number = {1},
pages = {104-111},
url = {http://link.aip.org/link/?GPY/64/104/1},
doi = {10.1190/1.1444508}
}



@article{schleicher:P25,
author = {J. Schleicher and J. C. Costa and L. T. Santos and A. Novais and M. Tygel},
collaboration = {},
title = {On the estimation of local slopes},
publisher = {SEG},
year = {2009},
journal = {Geophysics},
volume = {74},
number = {4},
pages = {P25-P33},
keywords = {seismology},
url = {http://link.aip.org/link/?GPY/74/P25/1},
doi = {10.1190/1.3119563}
}


@article{halelocal,
  title={Local dip filtering with directional {Laplacians}},
  author={Hale, D.},
journal = {CWP Report},
volume = {567},
  year={2007}
}


@ARTICLE{laakso1996signal,
author={Laakso, T.I. and Valimaki, V. and Karjalainen, M. and Laine, U.K.},
journal={IEEE Signal Processing Magazine}, 
title={Splitting the unit delay [FIR/all pass filters design]},
year={1996},
month={jan},
volume={13},
number={1},
pages={30 -60},
keywords={FIR filter design;algorithms;allpass filter design;array processing;bandlimited approximation;bandlimited interpolation;communications;continuous control;digital modems synchronisation;fast coefficient update;fractional delay filter;fractional digital delay;high-resolution pitch prediction;implementation complexity;incommensurate sampling rate conversion;music technology;musical instruments;performance;signal processing;sound synthesis;speech processing;unit delay;FIR filters;all-pass filters;approximation theory;delay circuits;digital filters;linear predictive coding;modems;music;musical instruments;signal resolution;signal sampling;signal synthesis;speech coding;synchronisation;},
doi={10.1109/79.482137},
ISSN={1053-5888},
}


@ARTICLE{jong2009,
author={Jong-Jy Shyu and Soo-Chang Pei and Yun-Da Huang},
journal={IEEE Transactions on Circuits and Systems I: Regular Papers}, 
title={Two-Dimensional Farrow Structure and the Design of Variable Fractional-Delay 2-D FIR Digital Filters},
year={2009},
month={feb. },
volume={56},
number={2},
pages={395 -404},
keywords={2D FIR digital;2D Farrow structure;variable fractional-delay filters;FIR filters;delays;least squares approximations;network synthesis;},
doi={10.1109/TCSI.2008.2001828},
ISSN={1549-8328},
}

@INPROCEEDINGS{farrow1988,
author={Farrow, C.W.},
booktitle={IEEE International Symposium on Circuits and Systems},
title={A continuously variable digital delay element},
year={1988},
month={jun},
volume={},
number={},
pages={2641 -2645 vol.3},
keywords={FIR filters;Nyquist rate;band-limited signal;digital delay element;digital filters;digital signal processor;real-time DSP;variable delay filter;delay circuits;digital filters;digital signal processing chips;filtering and prediction theory;},
doi={10.1109/ISCAS.1988.15483},
ISSN={},
}

@article{fomel:A43,
author = {S. Fomel and A. Guitton},
title = {Regularizing seismic inverse problems by model reparameterization using plane-wave construction},
journal = {Geophysics},
volume = {71},
number = {5},
pages = {A43-A47},
year = {2006},
doi = {10.1190/1.2335609},
URL = {http://library.seg.org/doi/abs/10.1190/1.2335609},
eprint = {http://library.seg.org/doi/pdf/10.1190/1.2335609}
}



