@incollection{SEG.1986.POS2.10,
  author={Necati   Gulunay },
  title={{FXDECON and complex Wiener prediction filter}},
  year=1986,
  booktitle={56th Annual Internat. Mtg., Soc. Expl. Geophys., Expanded Abstracts
},
  publisher={Soc. Expl. Geophys.},
  pages={279-281},
  address={Tulsa}
        }

@incollection{SEG.1992.SP3.4,
  author={Michael K. Chase },
  title={{Random noise reduction by 3-D spatial prediction filtering}},
  year=1992,
  booktitle={62nd Ann. Internat. Mtg., Soc. Expl. Geophys., Expanded Abstracts},
  publisher={Soc. Expl. Geophys.},
  pages={1152-1153},
  address={Tulsa}
        }

@incollection{Soubaras,
  author={Robert   Soubaras },
  title={{Signal-preserving random noise attenuation by the f-x projection}},
  year=1994,
  booktitle={64th Ann. Internat. Mtg., Soc. Expl. Geophys., Expanded Abstracts},
  publisher={Soc. Expl. Geophys.},
  pages={1576-1579},
  address={Tulsa}
        }


@incollection{SEG.1984.S10.1,
  author={Luis L.  Canales },
  title={Random Noise Reduction},
  year=1984,
  booktitle={54th Ann. Internat. Mtg., Soc. Expl. Geophys., Expanded Abstracts
},
  publisher={Soc. Expl. Geophys.},
  pages={525-527},
  address={Tulsa}
        }

@book{Claerbout.blackwell.92,
   author = {J[on] F[] Claerbout},
   publisher = {Blackwell Scientific Publications},
   title = {Earth $\mbox{s}$oundings $\mbox{a}$nalysis:
        Processing Versus $\mbox{i}$nversion},
   year = {1992}
}

@incollection{SEG.1993.G,
  author={Necati   Gulunay and V. Sudhaker and C. Gerrard and D. Monk},
  title={{Prediction filtering for 3-D poststack data}},
  year=1993,
  booktitle={63rd Ann. Internat. Mtg., Soc. Expl. Geophys., Expanded Abstracts
},
  publisher={Soc. Expl. Geophys.},
  pages={1183-1186},
  address={Tulsa}
        }

@incollection{SEG.1994.DDDD,
  author={J[on] F[] Claerbout},
  title={{Applications of two- and three-dimensional filtering}},
  year=1994,
  booktitle={Preprint of an article submitted for the 64th Annual Internat. Mtg.
, Soc. Expl. Geophys., Expanded Abstracts},
  publisher={Soc. Expl. Geophys.},
  address={Tulsa}
        }

@article{GEO39.02.01690173, 
  author={Sven   Treitel }, 
  title={{The complex Wiener filter}}, 
  year=1974, 
  journal={Geophysics}, 
  volume=39, 
  pages={169-173}, 
  keywords={space domain, time domain}
	}

@article{GEO56.12.20192026,
	author={ Scott Hornbostel},
	title={{Spatial prediction filtering in the t-x and f-x domains}},
	year={1991},
	journal={Geophysics},
	volume={56},
	pages={2019-2026}
        }


@article{GEO57.11.14931501,
  author={A. Frank Linville and Robert A. Meek },
  title={Canceling stationary sinusoidal noise},
  year=1992,
  journal={Geophysics},
  volume=57,
  number=11,
  pages={1493-1501}
        }

@incollection{SEG.1993.1196,
  author={S. K.  Pokhriyal },
  title={An Efficient Algorithm for Automatic Seismic Data Editing},
  year=1993,
  booktitle={63st Annual Internat. Mtg., Soc. Expl. Geophys., Expanded Abstracts
},
  publisher={Soc. Expl. Geophys.},
  pages={1196-1200},
  address={Tulsa},
  keywords={signal, noise, algorithm}
        }


@incollection{SEG.1991.1452,
  author={S. K.  Pokhriyal  and A.   Nautiyal  and O. P.  Gupta },
  title={Computer Aided Editing of Seismic Data},
  year=1991,
  booktitle={61st Annual Internat. Mtg., Soc. Expl. Geophys., Expanded Abstracts
},
  publisher={Soc. Expl. Geophys.},
  pages={1452-1456},
  address={Tulsa},
  keywords={signal, noise, algorithm}
        }

@article{GEO50.12.27522758,
  author={F.   Koehler  and M. T.  Taner },
  title={The Use of Conjugate-Gradient Algorithms in the Computation of Predictive Deconvolution Operators},
  year=1985,
  journal={Geophysics},
  volume=50,
  number=12,
  pages={2752-2758}
        }

@article{Shearer.gjr.96.535,
   author = {P.M. Shearer},
   journal = {Journal of Geophysical Research},
   pages = {535--555},
   title = {Imaging Global Body Wave Phases by Stacking long-period seismograms},
   volume = {96},
   year = {1991}
}

@incollection{SEG.1993.XXXX,
  author={N. Gulunay and V. Sudhakar and C. Gerrard and D. Monk },
  title={{Prediction filtering for 3-D post-stack data}},
  year=1993,
  booktitle={Preprint of an article submitted for the 63rd Annual Internat. Mtg., Soc. Expl. Geophys., Expanded Abstracts},
  publisher={Soc. Expl. Geophys.},
  address={Tulsa}
        }


@SEPREPORT{sep77.ray1,
        type={SEP-Report},
        organization={SEP},
        author={ Abma, R.},
        title={{ Lateral prediction techniques: FX-decon versus two-D deconvolution}},
        year={1993},
        journal={SEP-Report},
        volume={77},
        pages={257--270},
        comment=""
        }



@SEPREPORT{sep77.ray2,
        type={SEP-Report},
        organization={SEP},
        author={R[ay] Abma and J[on] F[] Claerbout},
        title={{ Applications of two-D deconvolution}},
        year={1993},
        journal={SEP-Report},
        volume={77},
        pages={271--282},
        comment=""
        }

@SEPREPORT{Abma.sep.73.235,
         type={SEP-Report},
         organization={SEP},
         author={R[ay] Abma and J[on] F[] Claerbout},
         classification={processing},
         title={{Finding the amplitudes of migration hyperbolas from the kinematics}},
         year={1992},
         journal={SEP-Report},
         volume={73},
         pages={235-242},
         comment=""
        }

@SEPREPORT{sep77.jon2,
        type={SEP-Report},
        organization={SEP},
        author={ Claerbout, J. F.},
        title={{ Steep-dip deconvolution}},
        year={1993},
        journal={SEP-Report},
        volume={77},
        pages={245--256},
        comment=""
        }


@SEPREPORT{Claerbout.sep.73.409,
         type={SEP-Report},
         organization={Stanford Exploration Project},
         author={J[on] F[] Claerbout},
         classification={interpolation plane wave},
         title={{Information from smiles: mono-plane-annihilator weighted regression}},
         year={1992},
         journal={SEP-Report},
         volume={73},
         pages={409-420},
         comment=""
        }



@SEPREPORT{sep82.dave2,
        type={SEP-Report},
        organization={SEP},
        author={ Nichols, Dave},
        title={{ A simple example of a null space and how to modify it}},
        year={1994},
        journal={SEP-Report},
        volume={82},
        pages={177--182},
        comment=""
        }



@SEPREPORT{Claerbout.sep.82.209,
title={Signal and noise separation fundamentals},
author={ J[on] F[] Claerbout  and  R[ay] Abma},
pages={ 209-212 },
type={SEP-Report},
organization={SEP},
year={1994},
journal={SEP-Report},
volume={82}
}

@SEPREPORT{Abma.sep.82.213,
title={ Signal and noise separation applications },
author={R[ay] Abma  and  J[on] F[] Claerbout},
pages={ 213-234 },
type={SEP-Report},
organization={SEP},
year={1994},
journal={SEP-Report},
volume={82}
}




@book{Claerbout.tdf,
   author = {J[on] F[] Claerbout},
   publisher = {Stanford Exploration Project \\A preliminary version of this book is available on the Internet in PostScript form using a WWW browser at http://sepwww.stanford.edu/sep/prof/,
or in part in the Stanford Exploration Project reports SEP-82 and SEP-83},
   title = {{Applications of Three-Dimensional Filtering: Environmental soundings image enhancement}},
   year = {1995},
   comment=" This book is available at http://sepwww.stanford.edu/sep/prof/index.html"
}

@book{Claerbout.fgdp.76,
   author = {J[on] F[] Claerbout},
   publisher = {Blackwell},
   title = {Fundamentals of Geophysical Data Processing},
   year = {1976}
}




@SEPREPORT{Abma.sep.82.235,
title={Spurious event generation with f-x and t-x prediction},
author={R[ay] Abma},
pages={ 235-244 },
type={SEP-Report},
organization={SEP},
year={1994},
journal={SEP-Report},
volume={82}
}

@SEPREPORT{Claerbout.sep.82.245,
title={Multiscale self-similar convolution regressions},
author={J[on] Claerbout  and  M[atthias] Schwab},
pages={ 245-250 },
type={SEP-Report},
organization={SEP},
year={1994},
journal={SEP-Report},
volume={82}
}


@book{Dobrin,
   author = {M[ilton] B[] Dobrin and C[] H[] Savit},
   publisher = {{McGraw-Hill Book Co., New York}},
   title = {{Introduction to Geophysical Prospecting}},
   year = {1988}
}

@book{kanasewich90,
   author = {E[rnest] R[] Kanasewich},
   publisher = {Pergamon Press},
   title = {{Seismic Noise Attenuation}},
   year = {1990},
   address={New York}
}


@book{Robinson,
   author = {E[nders] A[] Robinson and S[ven]  Treitel},
   publisher = {Prentice-Hall},
   title = {{Geophysical Signal Analysis}},
   year = {1980},
   address={Englewood Cliffs, N.J.}
}


@book{Kanasewich,
   author = {E[] R[] Kanasewich},
   publisher = {University of Alberta Press},
   title = {{Time Sequence Analysis in Geophysics}},
   year = {1981},
   address={Edmonton, Alberta, Canada}
}

@SEPREPORT{Darche.sep.61.281,
         type={SEP-Report},
         organization={SEP},
         author={G[illes] Darche},
         title={ Iterative {L1} Deconvolution },
         year={1989},
         journal={SEP-Report},
         volume={61},
         pages={281-302},
         comment=""
        }


@article{Green.1984,
   author = {P. J. Green},
   journal = {Journal of the Royal Statistical Society B},
   pages = {149--192},
   title = {Iteratively Reweighted Least Squares for Maximum Likelihood Estimation, and some Robust and Resistant Alternatives},
   volume = {46},
   number = {2},
   year = {1984}
}


@book{Claerbout.blackwell.85,
   author = {J[on] F[] Claerbout},
   publisher = {Blackwell Scientific Publications},
   title = {{Imaging the Earth's Interior}},
   year = {1985}
}


@SEPREPORT{Nichols.sep.82.1,
title={Velocity-Stack Inversion Using { ${\bf L_p}$ } Norms},
author={D[ave] Nichols},
pages={ 1-16 },
type={SEP-Report},
organization={SEP},
year={1994},
journal={SEP-Report},
volume={82}
}

@SEPREPORT{Nichols.sep.82.177,
title={A Simple Example of a Null Space and How to Modify It},
author={D[ave] Nichols},
pages={ 177-182 },
type={SEP-Report},
organization={SEP},
year={1994},
journal={SEP-Report},
volume={82}
}


@book{Luenburger,
   author = {D[avid] G[] Luenburger},
   publisher = {Addison-Wesley Publishing Company},
   title = {{Linear and Nonlinear Programming}},
   year = {1984},
   address={Reading, Mass.}
}

@SEPREPORT{Claerbout.sep.73.391,
         type={SEP-Report},
         organization={SEP},
         author={J[on] F[] Claerbout},
         classification={nonstationarity stationarity patch},
         title={ Nonstationarity and Conjugacy:  Utilities for Data Patch Work }
,
         year={1992},
         journal={SEP-Report},
         volume={73},
         pages={391-400},
         comment=""
        }

@SEPREPORT{Abma.sep.84.ray2,
title={Enhanced prestack noise removal},
author={R[ay] Abma},
pages={351-356},
type={SEP-Report},
organization={SEP},
year={1995},
journal={SEP-Report},
volume={84}
}


@book{strang,
   author = {G[ilbert] Strang},
   publisher = {Harcourt Brace Jovanovich Publishers},
   title = {{Linear Algebra and its Applications}},
   year = {1988},
   address={San Diego}
}



@book{menke,
   author = {W[illiam] Menke},
   publisher = {Academic Press, Inc., Harcourt Brace Jovanovich Publishers},
   title = {{Geophysical Data Analysis; Discrete Inverse Theory, Revised Edition}},
   year = {1989},
   address={San Diego}
}


@book{bracewell,
   author = {R[onald] N[] Bracewell},
   publisher = {{McGraw-Hill Book Co., New York}},
   title = {{The Fourier Transform and its Applications, Second Edition}},
   year = {1978}
}


@book{briggs,
   author = {W[illiam] L[] Briggs and V[an] E[meden] Henson},
   publisher = {Society for Industrial and Applied Mathematics},
   title = {{The DFT: An Owner's Manual for the Discrete Fourier Transform}},
   year = {1995},
   address={Philadelphia}
}


@SEPREPORT{Claerbout.sep.77.245,
  author={J[on] F[] Claerbout},
  title={ Steep-Dip Deconvolution },
  pages={245-256},
  type={SEP-Report},
  organization={SEP},
  year={1993},
  journal={SEP-Report},
  volume={77}
}



@SEPREPORT{Abma.sep.79.13,
  author={R[ay] Abma and J[on] F[] Claerbout},
  title={Lateral Prediction for Noise Attenuation by {t-x} and {f-x} Techniques}
,
  pages={13-30},
  type={SEP-Report},
  organization={SEP},
  year={1993},
  journal={SEP-Report},
  volume={79}
}



@book{arfken,
   author = {G[eorge] Arfken},
   publisher = {Academic Press, Inc},
   title = {{Mathematical Methods for Physicists, Third Edition}},
   year = {1985},
   address={San Diego}
}



@book{strang.am,
   author = {G[ilbert] Strang},
   publisher = {Wellesley-Cambridge Press},
   title = {{Introduction to Applied Mathematics}},
   year = {1986},
   address={Wellesley, Mass.}
}

@book{stone,
   author = {D[ale] G[] Stone},
   publisher = {Society of Exploration Geophysicists},
   title = {{Designing Surveys in Two and Three Dimensions}},
   year = {1994},
   address={Tulsa}
}



@book{oz,
   author = {O[zdogan] Yilmaz},
   publisher = {Society of Exploration Geophysicists},
   title = {{Seismic Data Processing}},
   year = {1987},
   address={Tulsa}
}




@book{webster,
  author={G. M. Webster },
  title={Deconvolution},
  year=1978,
  publisher={Society of Exploration Geophysicists},
  pages={482 pp},
  address={Tulsa}
        }


@SEPREPORT{Berlioux.sep.80.349,
title={Amplitude Balancing for {AVO} Analysis},
author={A[rnaud] Berlioux  and  D[avid] Lumley},
pages={ 349-360 },
type={SEP-Report},
organization={SEP},
year={1994},
journal={SEP-Report},
volume={80}
}



@article{taner,
  author={M. Turhan Taner and Ronen F. O'Doherty and Fulton Koehler },
  title={{Long period multiple supression by predictive deconvolution in the x-t domain}},
  year=1995,
  journal={Geophysical Prospecting},
  volume=43,
 pages={433-468}
        }


@book{tarantola-ipt,
  author =       {A[lbert] Tarantola},
  title =        {{Inverse Problem Theory -- Methods for Data Fitting and Model Parameter Estimation}},
  publisher =    {Elsevier, New York},
  year =         {1987},
  note =         {Methods for Data Fitting and Model Parameter Estimation}
}



@book{korn,
  author =       {G[ranino] A[] Korn and T[heresa] M[] Korn},
  title =        {Mathematical Handbook for Scientists and Engineers},
  publisher =    {{McGraw-Hill Book Co., New York}},
  year =         {1968}
}


@book{dongarra,
  author =       {J[] J[] Dongarra and C[] B[] Moler and J[] R[] Bunch and G[] W[] Steward},
  title =        {LINPACK Users Guide},
  publisher =    {Society for Industrial and Applied Mathematics},
  year =         {1979}
}


@SEPREPORT{Abma.sep.79.41,
  author={R[ay] Abma},
  title={ Operator Design for Three-Dimensional Data Extrapolation },
  pages={41-48},
  type={SEP-Report},
  organization={SEP},
  year={1993},
  journal={SEP-Report},
  volume={79}
}



@book{parker,
  author =       {R[obert] L[] Parker},
  title =        {Geophysical Inverse Theory},
  publisher =    {Princeton University Press, Princeton},
  year =         {1994}
}


@book{golub,
  author =       {G[ene] H[] Golub and C[harles] F[] {Van Loan} },
  title =        {Matrix Computations},
  publisher =    {John Hopkins University Press},
  year =         {1989}
}



@book{papoulis,
  author =       {A[thanasios] Papoulis },
  title =        {Probability, Random Variables, and Stochastic Processes, Second Edition},
  publisher =    {{McGraw-Hill Book Co., New York}},
  year =         {1984}
}



@book{Childers,
  author={D[onald] G. Childers },
  title={Modern Spectrum Analysis},
  year=1978,
  publisher={The Institute of Electrical and Electronics Engineers},
  pages={334 pp},
  address={New York}
        }



@article{Makhoul,
  author={J[ohn] Makhoul },
  title={{Linear Prediction: A Tutorial Review}},
  year=1975,
  journal={Proc. IEEE},
  volume=63,
 pages={561-580}
        }


@book{numrecp,
   author = {W[illiam] H[] Press and B[rian] P[] Flannery and S[aul] A[] Teukolsky and W[illiam] T[] Vetterling},
   publisher = {Cambridge University Press},
   title = {{Numerical Recipes -- The Art of Scientific Computing}},
   year = {1986}
}

@article{GEO.48.7.854886,
	author={ Ken Larner and  Ron Chambers and  Mai Yang and  Walt Lynn and  Willon Wai},
	title={{Coherent noise in marine seismic data}},
	year={1983},
	journal={Geophysics},
	volume={48},
	number={7},
	pages={854-886}
