@book{Claerbout.tdf.82,
   author = {J[on] F[] Claerbout},
   publisher = {Stanford Exploration Project},
   title = {Applications of {T}hree-{D}imensional {F}iltering},
   year = {1994}
}
