
@article{duveneck:S65,
author = {Eric Duveneck and Peter M. Bakker},
collaboration = {},
title = {Stable P-wave modeling for reverse-time migration in tilted TI media},
publisher = {SEG},
year = {2011},
journal = {Geophysics},
volume = {76},
number = {2},
pages = {S65-S75},
keywords = {seismic waves; wave equations},
url = {http://link.aip.org/link/?GPY/76/S65/1},
doi = {10.1190/1.3533964}
}

@book{riley2006mm,
  title={Mathematical methods for physics and engineering},
  author={Riley, K.F. and Hobson, M.P. and Bence, S.J.},
  year={2006},
  publisher={Cambridge University Press}
}

@article{thomsen:1954,
author = {Leon Thomsen},
collaboration = {},
title = {Weak elastic anisotropy},
publisher = {SEG},
year = {1986},
journal = {Geophysics},
volume = {51},
number = {10},
pages = {1954-1966},
url = {http://link.aip.org/link/?GPY/51/1954/1},
doi = {10.1190/1.1442051}
}

@article{alkhalifah:1239,
author = {Tariq Alkhalifah},
collaboration = {},
title = {An acoustic wave equation for anisotropic media},
publisher = {SEG},
year = {2000},
journal = {Geophysics},
volume = {65},
number = {4},
pages = {1239-1250},
}

@book{courant1989mmp,
  title={Methods of Mathematical Physics},
  author={Courant, R. and Hilbert, D.},
  year={1989},
  publisher={John Wiley \& Sons}
}

@article {alkhalifah:105,
author = {Tariq Alkhalifah and Sergey Fomel and Biondo Biondi},
title = {The space-time domain: theory and modelling for anisotropic media},
journal = {Geophysical Journal International},
volume = {144},
number = {1},
publisher = {Blackwell Science Ltd},
pages = {105--113},
year = {2001},
}

@book{claerbout-iei,
title={Imaging the Earth's Interior},
author={J F Claerbout},
year={1985},
publisher={Blackwell Scientific Publications},
}

@book{yilmaz2001sda,
  title={Seismic Data Analysis: Processing, Inversion, and Interpretation of Seismic Data},
  author = {Yilmaz},
  year={2001},
  publisher={Society of Exploration Geophysicists}
}
%%  author = {\"{O}z Yilmaz}, %% oz does not go away

@article{sava:T45,
author = {Paul Sava and Sergey Fomel},
collaboration = {},
title = {Riemannian wavefield extrapolation},
publisher = {SEG},
year = {2005},
journal = {Geophysics},
volume = {70},
number = {3},
pages = {T45-T56},
}

@article{shragge:T11,
author = {Jeffrey Chilver Shragge},
collaboration = {},
title = {Riemannian wavefield extrapolation: Nonorthogonal coordinate systems},
publisher = {SEG},
year = {2008},
journal = {Geophysics},
volume = {73},
number = {2},
pages = {T11-T21},
}

@article{shan:S185,
author = {Guojian Shan and Biondo Biondi},
collaboration = {},
title = {Plane-wave migration in tilted coordinates},
publisher = {SEG},
year = {2008},
journal = {Geophysics},
volume = {73},
number = {5},
pages = {S185-S194},
keywords = {geophysical prospecting; geophysical signal processing; seismic waves; seismology},
url = {http://link.aip.org/link/?GPY/73/S185/1},
doi = {10.1190/1.2957891}
}

@article{gazdag:854,
author = {J Gazdag},
collaboration = {},
title = {Modeling of the acoustic wave equation with transform methods},
publisher = {SEG},
year = {1981},
journal = {Geophysics},
volume = {46},
number = {6},
pages = {854-859},
}

@article{carcione:1304,
author = {J Carcione and G C Herman and A P E ten Kroode},
collaboration = {},
title = {Seismic modeling},
publisher = {SEG},
year = {2002},
journal = {Geophysics},
volume = {67},
number = {4},
pages = {1304-1325},
}

@book{trefethen:fd,
title = {Finite Difference and Spectral Methods for Ordinary and Partial Differential Equations},
author = {Lloyd Trefethen},
year = {1994},
isbn = {},
url = {http://people.maths.ox.ac.uk/trefethen/pdetext.html},
publisher = {Unpublished, available online.}
}
