@Article{pwc,
  author = 	 {S[ergey] Fomel and A[ntoine] Guitton},
  title = 	 {Regularizing seismic inverse
problems by model re-parameterization using plane-wave construction},
  journal = 	 {Geophysics},
  volume = {71},
  pages = {S209-S217},
  year = 	 2006
}

@incollection{gulunay2,
	author=	{N[] Gulunay and F[] Gamar and H[] Hoeber and M[] Dyce and C[] MacKenzie and D[] Whitcombe},
	year=	2007,
	title=	{Robust residual gather flattening},
	publisher=	{Soc. of Expl. Geophys.},
	booktitle=	{77th Ann. Internat. Mtg.},
	pages=	{229-233}
	}

@Article{gulunay,
  author = 	 {N[] Gulunay and M[] Magesan and H[] H[] Roende},
  title = 	 {Gather flattening},
  journal = 	 {The Leading Edge},
  year = 	 2007,
  volume =	 26,
  pages =	 {1538-1543}
}

@Article{diffr,
  author = 	 {S[] Fomel and E[] Landa and M[] T[] Taner},
  title = 	 {Post-stack velocity
analysis by separation and imaging of seismic diffractions},
  journal = 	 {Geophysics},
  year = 	 2007,
  volume =	 72,
  pages =	 {U89-U94}
}

@article{pmig,
   author = {S[] Fomel},
   journal = {Geophysics},
   pages = {S139-S147},
   publisher = {Soc. of Expl. Geophys.},
   title = {Velocity-independent time-domain seismic imaging using
  local event slopes},
   volume = {72},
   year = {2007}
}

@article{shape,
   author = {S[] Fomel},
   journal = {Geophysics},
   pages = {R29-R36},
   publisher = {Soc. of Expl. Geophys.},
   title = {Shaping regularization in geophysical-estimation
  problems},
   volume = {72},
   year = {2007}
}


@Article{stark,
  author = 	 {T[] Stark},
  title = 	 {Relative geologic time (age) volume: {R}elating every seismic sample to a geologically reasonable horizon},
  journal = 	 {The Leading Edge},
  pages =        {928-932},
  volume =       {23},
  year = 	 2004
}

@Article{bienati,
  author = 	 {N[] Bienati and U[] Spagnolini},
  title = 	 {Multidimensional wavefront estimation from 
differential delays},
  journal = 	 {IEEE Trans. on Geoscience and Remote Sensing},
  year = 	 2001,
  volume =	 39,
  number =	 3,
  pages =	 {655-664}
}

@incollection{exxon,
	author=	{D[] Hinkley and G[] W[] Bear and C[] Dawson},
	year=	2004,
	title=	{Prestack gather flattening for {AVO}},
	publisher=	{Soc. of Expl. Geophys.},
	booktitle=	{74th Ann. Internat. Mtg.},
	pages=	{2329-2329},
	}

@Book{dmo,
  editor =       {D[] Hale},
  title =        {{DMO} processing},
  publisher =    {Soc. of Expl. Geophys.},
  year =         1995
}

@Article{dso,
  author =       {W[] A[] Mulder and A[] P[] E[] ten~Kroode},
  title =        {Automatic velocity analysis by differential semblance optimization},
  journal =      {Geophysics},
  year =         2002,
  volume =       67,
  number =       04,
  pages =        {1184-1191}
}

@Article{kim,
  author =       {S[] Kim and W[] W[] Symes},
  title =        {Smooth detectors of linear phase},
  journal =      {Inverse Problems},
  year =         1998,
  volume =       14,
  pages =        {101-112}
}

@Article{symes,
  author =       {W[] W[] Symes},
  title =        {The plane wave detection problem},
  journal =      {Inverse Problems},
  year =         1994,
  volume =       10,
  pages =        {1361-1391}
}

@Article{lomask,
  author = 	 {J[esse] Lomask and A[] Guitton and S[] Fomel and J[] Claerbout and A[] Valenciano},
  title = 	 {Flattening without picking},
  journal = 	 {Geophysics},
  year = 	 2006,
  volume =	 71,
  pages =	 {13-20}
}

@Book{bei,
  author =	 {J[on] F[] Claerbout},
  title = 	 {Basic {Earth} Imaging},
  publisher = 	 {Stanford Exploration Project, 
\texttt{http://sepwww.stanford.edu/sep/prof/}},
  year = 	 2006
}

@incollection{sintef,
	author=	{E[ric] Duveneck and B[\"{a}rbel] Traub},
	year=	2006,
	title=	{Automatic moveout correction by local event correlations on coherency-enhanced gathers},
	publisher=	{Soc. of Expl. Geophys.},
	booktitle=	{76th Ann. Internat. Mtg.},
	pages=	{3036-3040},
	}

@Article{dijkstra0,
  author = 	 {E[] W[] Dijkstra},
  title = 	 {A note on two problems in connexion with graphs},
  journal = 	 {Numerische Mathematik},
  year = 	 1959,
  volume = 	 1,
  pages = 	 {269â€“271}}

@Book{dijkstra,
  author =	 {T[homas] H[] Cormen and C[harles] E[] Leiserson and R[onald] L[] Rivest and C[lifford] Stein},
  title = 	 {Introduction to Algorithms},
  publisher = 	 {MIT Press and McGraw-Hill},
  year = 	 2001
}

@incollection{will,
	author=	{W[] Burnett and S[] Fomel},
	year=	2009,
	title=	{Moveout analysis by time-warping},
	publisher=	{Soc. of Expl. Geophys.},
	booktitle=	{79th Ann. Internat. Mtg.}
	}


@Article{yang,
  author = 	 {Y[]Liu and S. Fomel and G[] Liu},
  title = 	 {Nonlinear structure-enhancing
filtering using plane-wave construction},
  journal = 	 {Geophysical Prospecting},
  year = 	 2010,
  volume = 	 58,
  pages = 	 {in print}}

@incollection{seg,
	author=	{S[ergey] Fomel},
	year=	2008,
	title=	{Predictive painting of {3-D} seismic volumes},
	publisher=	{Soc. of Expl. Geophys.},
	booktitle=	{78th Ann. Internat. Mtg.},
	pages=	{864-868}
	}

@Article{hardy,
  author = 	 {I[] F[] Jones and M[] Sugrue and P[] Hardy},
  title = 	 {Hybrid Gridded Tomography},
  journal = 	 {First Break},
  year = 	 2007,
  volume = 	 25,
  number = 	 04,
  pages = 	 {15-21}}

@Article{symes2,
  author = 	 {W[] W[] Symes},
  title = 	 {Migration velocity analysis and waveform inversion},
  journal = 	 {Geophysical Prospecting},
  year = 	 2008,
  volume = 	 56,
  number = 	 06,
  pages = 	 {765-790}}

@Book{pvi,  
   author = {J[on] F[] Claerbout},
   publisher = {Blackwell Scientific Publications},
   title = {Earth Soundings Analysis: Processing Versus Inversion},
   year = {1992}
}

@Article{yang,
  author = 	 {Y[] Liu and S[] Fomel and G[] Liu},
  title = 	 {Nonlinear structure-enhancing
filtering using plane-wave construction},
  journal = 	 {Geophysical Prospecting},
  year = 	 2010,
  volume =	 58
}

@Article{ssis,
  author = 	 {P[] {de~Groot} and G[] de~Bruin and K[] McBeath},
  title = 	 {OpendTect {SSIS} - {Sequence Stratigraphic Interpretation System}},
  journal = 	 {Drilling \& Exploration World},
  year = 	 2006,
  volume = 	 15,
  number = 	 11,
  pages = 	 {31-34}}

@Article{ssis2,
  author = 	 {G[] De~Bruin and N[] Hemstra and A[] Pouwel},
  title = 	 {Stratigraphic Surfaces in the Depositional and Chronostratigraphic ({Wheeler}-transformed) Domain},
  journal = 	 {The Leading Edge},
  year = 	 2007,
  volume = 	 26,
  pages = 	 {883-886}}

@article{zeng,
   author = {H[] Zeng and S[] C[] Henry and J[] P[] Riola},
   journal = {Geophysics},
   number = {02},
   pages = {514-522},
   publisher = {Soc. of Expl. Geophys.},
   title = {Stratal slicing, {P}art {II}: {R}eal 3-{D} seismic data},
   volume = {63},
   year = {1998}}