@Article{resol,
  author = 	 {S[ergey] Fomel and J[ames] Berryman and R[obert] Clapp and M[arie] Prucha},
  title = 	 {Iterative resolution
  estimation
  in least-squares {Kirchhoff} migration},
  journal = 	 {Geophysical Prospecting, accepted for publication},
  year = 	 2002
}

@Article{antial,
  author = 	 {S[ergey] Fomel},
  title = 	 {Antialiasing of {Kirchhoff} operators by reciprocal
  parameterization},
  journal = 	 {Journal of Seismic Exploration},
  year = 	 {2001},
  volume =	 10,
  pages =	 {293-310}
}

@Article{stolk,
  author = 	 {C[hristiaan] C[] Stolk},
  title = 	 {Microlocal analysis of a seismic linearized inverse problem},
  journal = 	 {Wave Motion},
  year = 	 2000,
  volume =	 32,
  pages =	 {267-290}
}

@Book{wong,
  author =	 {M[an] W[ah] Wong},
  title = 	 {An Introduction to Pseudo-Differential Operators},
  publisher = 	 {World Scientific Pub Co},
  year = 	 1991
}

@Book{bleistein,
  author =	 {N[] Bleistein and J[] K[] Cohen and J[] W[] Stockwell},
  title = 	 {Mathematics of multidimensional seimsic imaging, migration, and inversion},
  publisher = 	 {Springer},
  year = 	 2001
}

@incollection{Born, 
  author={N[orman]   Bleistein }, 
  title={{B}orn {DMO} Revisited}, 
  year=1990, 
  booktitle={60th Annual Internat. Mtg., Soc. Expl. Geophys., Expanded Abstracts}, 
  publisher={Soc. Expl. Geophys.}, 
  pages={1366-1369}, 
  address={Tulsa} 
}

@incollection{lailly, 
  author={P[] Lailly}, 
  title={The seismic inverse problem as a sequence 
of before stack migrations}, 
  year=1984, 
  booktitle={Conference on Inverse Scattering, Tulsa, Oklahoma}, 
  publisher={SIAM}, 
  pages={1366-1369}, 
  address={Philadelphia} 
}


@Article{jin,
  author = 	 {S[] Jin and R[] Madariaga and J[] Virieux and G[] Lambar\'{e}},
  title = 	 {Two-dimensional asymptotic iterative elastic inversion},
  journal = 	 {Geophys. J. Int.},
  year = 	 1992,
  volume =	 108,
  pages =	 {575-588}
}



@Article{taran,
  author = 	 {A[lbert] Tarantola},
  title = 	 {Inversion of seismic reflection data in 
the acoustic approximation},
  journal = 	 {Geophysics},
  year = 	 1984,
  volume =	 49,
  number =	 08,
  pages =	 {1259-1266}
}

@Article{lambare,
  author = 	 {G[] Lambar\'{e} and J[] Virieux and R[] Madariaga and S[] Jin},
  title = 	 {Iterative asymptotic inversion in the acoustic approximation},
  journal = 	 {Geophysics},
  year = 	 1992,
  volume =	 57,
  number =	 09,
  pages =	 {1138-1154}
}

@Book{tarantola,
  author =	 {A[lbert] Tarantola},
  title = 	 {Inverse Problem Theory},
  publisher = 	 {Elsevier Science},
  year = 	 1987
}

@SEPREPORT{amo,
title={Azimuth moveout: the operator parameterization and antialiasing},
author={S[ergey] Fomel and B[iondo] Biondi},
pages={89-108},
type={SEP-Report},
organization={SEP},
year={1995},
journal={SEP-Report},
volume={89}		  
}

@Article{beylkin,
  author = 	 {G[regory] Beylkin},
  title = 	 {Imaging of discontinuities in the inverse scattering
		  problem by inversion of a causal generalized {Radon}
		  transform} ,
  journal = 	 {Journal of Mathematical Physics},
  year = 	 {1985},
  volume = 	 {26},
  pages = 	 {99-108}
}
		  
@Article{black,
  author = {J[ames] L. Black and K[arl] L. Schleicher and L[in] Zhang},
  title = {True-amplitude imaging and dip moveout},
  journal = {Geophysics},
  year = {1993},
  volume = {58},
  number = {1},
  pages = {47-66}
}	  
		  
@Article{castro,
  author = 	 {V[lastislav] \v{C}erven\v{y} and M[] A[] de Castro},
  title = 	 {Application of dynamic ray tracing in the {3-D}
		  inversion of seismic reflection data},
  journal = 	 {Geophysical Journal International},
  year = 	 1993,
  volume =	 113,
  pages =	 {776-779}
}

@SEPREPORT{cd,
title={Least-square inversion with inexact adjoints. 
		  {Method} of conjugate directions: {A} tutorial},
author={S[ergey] Fomel},
pages={},
type={SEP-Report},
organization={SEP},
year={1996},
journal={SEP-Report},
volume={92}		  
}
  

@Book{cerveny,
  author = 	{V[lastislav] \v{C}erven\v{y}},
  title = 	{Seismic ray theory} ,
  publisher = 	{Cambridge University Press},
  year = 	 {2001}
}
	  
@Article{chapman,
  author = 	 {C[] H[] Chapman and R[] Drummond},
  title = 	 {Body-wave seismograms in inhomogeneous media using
		  {Maslov} asymptotic theory},
  journal = 	 {Bulletin of the Seismological Society of America},
  year = 	 1982,
  volume =	 72,
  number =	 6,
  pages =	 {S277-S317}
}

@TechReport{cwp,
  author = 	 {N[orman] Bleistein and J[ack] K[] Cohen},
  title = 	 {The effect of curvature on true amplitude {DMO}:
		  {Proof} of concept},
  institution =  {ACTI, 4731U0015-2F; CWP-193},
  year = 	 {1995},
  address =	 {Colorado School of Mines}
}

@Book{goldin,
  author = 	 {S[ergey] V[asilievich] Goldin},
  title = 	 {Transformation and recovery of discontinuities in
		  problems of tomographic type},
  publisher = 	 {Institute of Geology and Geophysics},
  year = 	 {1988},
  address = 	 {Novosibirsk (in Russian)}
}

@Article{goldin87,
  author = 	 {S[ergey] V[asilievich] Goldin},
  title = 	 {Dynamic analysis of images in seismics},
  journal =	 {Soviet Geology and Geophysics},
  year =	 {1987},
  volume =	 {28},
  number =	 {2},
  pages =	 {84-93}
}

@Article{gritsenko,
  author = 	 {S[ergey] A[lekseevich] Gritsenko},
  title = 	 {Time field derivatives},
  journal =	 {Soviet Geology and Geophysics},
  year =	 {1984},
  volume =	 {25},
  number =	 {4},
  pages =	 {103-109}
}

@Article{haddon,
  author = 	 {R[] A[] W[] Haddon and P[] W[] Buchen},
  title = 	 {Use of {Kirchhoff's} formula for body wave
		  calculations in the earth},
  journal =	 {Geophys. J. Roy. Astr. Soc.},
  year =	 {1981},
  volume =	 {67},
  pages =	 {587-598}
}

@book{ig1,
author={S[ergey] V[asilievich] Goldin},
year={1986},
title={Seismic traveltime inversion},
address={Tulsa},
publisher={Soc. Expl. Geophys.},
pages={350 pp}
}

@SEPREPORT{jon,
title={Ellipsoids versus hyperboloids},
author={J[on] Claerbout},
pages={201--205},
type={SEP-Report},
organization={SEP},
year={1995},
journal={SEP-Report},
volume={89}		  
}
		  
@Article{nakham,
  author = 	 {S[] A[] Nakhamkin},
  title = 	 {Fan filtration},
  journal = 	 {Izv. Phys. Earth},
  year = 	 {1969},
  volume = 	 {11},
  pages = 	 {23-35}
}

@Book{norm,
  author = 	 {N[orman] Bleistein},
  title = 	 {Mathematical Methods for wave Phenomena},
  publisher = 	 {Academic Press Inc. (Harcourt Brace Jovanovich Publishers)},
  year = 	 {1984},
  address =	 {New York}
}

@SEPREPORT{part2,
title={Amplitude Preserving offset continuation in theory, {Part} 2: {Solving}
		  the equation},
author={S[ergey] Fomel},
pages={109-131},
type={SEP-Report},
organization={SEP},
year={1995},
journal={SEP-Report},
volume={89}		  
}

@Article{radon,
  author = 	 {J[] Radon},
  title = 	 {Ueber die {Bestimmmung} von {Funktionen} durch ihre
		  {Integralwerte} l\"{a}ngs gewisser {Mannigfaltigkeiten}},
  journal = 	 {Ber. Saechs. Akademie der Wissenschaften, Leipzig,
		  Mathematisch-Physikalische Klasse (in German)},
  year = 	 1917,
  volume =	 69,
  pages =	 {262-277}
}

@Article{ronetal,
  author = 	 {S[huki] Ronen and V[alerii] Sorin and R[ichard] Bale},
  title = 	 {Spatial dealiasing of {3-D} seismic reflection data},
  journal = 	 {Geophysical Journal International},
  year = 	 1991,
  volume =	 105,
  pages =	 {503-511}
}

@InCollection{ronslb,
  author = 	 {S[huki] Ronen and D[ave] Nichols and R[ichard] Bale
		  and R[alf] Ferber},
  title = 	 {Dealiasing {DMO}: {Good}-pass, bad-pass, and unconstrained},
  booktitle = 	 {65th Annual Internat. Mtg., Soc. Expl. Geophys., Expanded Abstracts},
  publisher =	 {Soc. Expl. Geophys.},
  year =	 1995,
  address =	 {Houston},
  pages =	 {743-746}
}

@book{slant, 
  editor={G[erald] F[]  Gardner  and L[ee] E[ds]  Lu }, 
  title={Slant-Stack Processing}, 
  year=1991, 
  publisher={Soc. Expl. Geophys.}, 
  pages={528 pp}, 
  address={Tulsa}
}

		  
@Article{stovas,
  author = 	 {A[lexey] M[ikhailovich] Stovas and S[ergey]
		  B[orisovich] Fomel},
  title = 	 {Kinematically equivalent {DMO} integral operators},
  journal = 	 {Russian Geology and Geophysics},
  year = 	 1996,
  volume =	 37,
  number =	 2
}

@Article{svgdat,
  author = 	 {S[ergey] V[asilievich] Goldin},
  title = 	 {Integral continuations of wave fields},
  journal = 	 {Soviet Geology and Geophysics},
  year = 	 1985,
  volume =	 26,
  number =	 4,
  pages =	 {95-104}
}

@Article{tam,
  author = 	 {S[ergey] V[asilievich] Goldin},
  title = 	 {Estimation of reflection coefficient under migration
		  of converted and monotype waves},
  journal =	 {Soviet Geology and Geophysics},
  year =	 {1992},
  volume =	 {33},
  number =	 {4},
  pages =	 {76-90}
}

@Article{tygel,
  author = 	 {M[artin] Tygel and J[org] Schleicher and P[eter] Hubral},
  title = 	 {Kirchhoff-{H}elmholtz theory in modeling and migration},
  journal = 	 {Journal of Seismic Exploration},
  year = 	 1994,
  volume =	 3,
  pages =	 {203-214}
}
		  
@Article{vc,
  author = 	 {S[ergey] B[orisovich] Fomel},
  title = 	 {Method of Velocity Continuation in the Problem of
		  Seismic Time Migration},
  journal = 	 {Russian Geology and Geophysics},
  year = 	 1994,
  volume =	 35,
  number =	 5,
  pages =	 {100-111}
}

@article{vor,
author={J[org] Schleicher and  M[artin] Tygel and P[eter] Hubral},
year={1993},
title={{3-D} true-amplitude finite-offset migration},
journal={Geophysics},
volume={58},
number={8},
pages={1112-1126}
}

@article{duquet, 
  author={B[ertrand] Duquet and K[urt] J[] Marfurt}, 
  title={Filtering coherent noise during prestack depth migration}, 
  year=1999, 
  journal={Geophysics}, 
  volume=64, 
  number=4, 
  pages={1054-1066}
}

@article{nemeth99, 
  author={T[amas] Nemeth and C[hengjun] Wu and G[erard] T[] Schuster}, 
  title={Least-squares migration of incomplete reflection data}, 
  year=1999, 
  journal={Geophysics}, 
  volume=64, 
  number=1, 
  pages={208-221}
}

@article{chavent, 
  author={G[uy] Chavent and R[ene]-E[douard] Plessix}, 
  title={An optimal true-amplitude least-square prestack depth-migration operator}, 
  year=1999, 
  journal={Geophysics}, 
  volume=64, 
  number=2, 
  pages={508-515}
}

@book{Claerbout.bei.95,
   author = {J[on] F[] Claerbout},
   publisher = {Stanford Exploration Project},
   title = {{Basic Earth Imaging}},
   year = {1995}
}

