@UNPUBLISHED{Etgen,
author = { J[ohn] Etgen},
title={Problems and prospects in interval velocity estimation},
note={Presented on Stanford  Exploration Project Annual Meeting},
year={1997}
}

@ARTICLE {harlan.rtopics.www,
         author       = {W[illiam] S[] Harlan},
   organization = {{A}dvance},
   title        = {Promising research topics},
   year         = {1996},
         journal      = {http://sepwww.stanford.edu/oldsep/harlan/papers/seg96review.ps.gz}
         }

@Book{sod,
  author =       {G[] A[] Sod},
  title =        {Numerical Methods in Fluid Mechanics},
  publisher =    {Cambridge University Press},
  year =         1985
}

@book{Claerbout.tdf.82,
   author = {J[on] F[] Claerbout},
   publisher = {Stanford Exploration Project},
   title = {Applications of {T}hree-{D}imensional {F}iltering},
   year = {1994}
}

@book{Claerbout.blackwell.92,
   author = {J[on] F[] Claerbout},
   publisher = {Blackwell Scientific Publications},
   title = {{Earth Soundings Analysis: Processing Versus Inversion}},
   year = {1992}
}  



