
@Article{facxspec,
  author = 	 {Claerbout},
  title = 	 {Factorization of cross-spectra},
  journal = 	 {SEP-97},
  year = 	 {1998},
}

@ARTICLE{kolmog,
  author  = {A[] N[] Kolmogoroff},
  title   = {Sur l'interpolation et l'extrapolation des suites stationnairres},
  journal = {C.R. Acad.Sci.},
  volume  = 208,
  pages   = {2043-2045},
  year    = 1939
}
@InProceedings{jenner,
  author = 	 {E. Jenner and M. de Hoop and K. Larner and M. van Stralen},
        meeting={67th Annual Internat. Mtg., Soc. Expl. Geophys.},
        booktitle={Expanded Abstracts},
  title = 	 {Imaging using optimal rational approximation to the paraxial wave equation},
  year =	 1997,
  pages =	 {1750-1753}
}

@InProceedings{helimig,
  author = 	 {James Rickett and Jon Claerbout and Sergey Fomel},
        meeting={68th Annual Internat. Mtg., Soc. Expl. Geophys.},
        booktitle={Expanded Abstracts},
  title = 	 {Implicit 3-{D} depth migration by wavefield extrapolation with helical boundary conditions},
  year =	 1998
}
@InProceedings{shotinterp,
  author = 	 {Sean Crawley},
        meeting={68th Annual Internat. Mtg., Soc. Expl. Geophys.},
        booktitle={Expanded Abstracts},
  title = 	 {Shot interpolation for radon multiple suppression},
  year =	 1998
}
@InProceedings{flags,
  author = 	 {Robert Clapp and Biondo Biondi and Sergey Fomel and Jon Claerbout},
        meeting={68th Annual Internat. Mtg., Soc. Expl. Geophys.},
        booktitle={Expanded Abstracts},
  title = 	 {Regularizing velocity estimation using geologic dip information},
  year =	 1998
}

@Article{wilson,
  author = 	 {G. Wilson},
  title = 	 {Factorization of the covariance generating function of a pure moving average function},
  journal = 	 {SIAM J. Numer. Anal.},
  year = 	 1969,
  volume =	 6,
  number =	 1,
  pages =	 {1-7}
}

@Booklet{biondi97,
  title = 	 {{3-D} Seismic Imaging},
  author =	 {B. L. Biondi},
  howpublished = {http://sepwww.stanford.edu/sep/biondo/research.html},
  year =	 1997
}
 
@inproceedings{etgen94,
        author={J[ohn] T[] Etgen},
        year={1994},
        title={Stability of explicit depth extrapolation
                through laterally varying media},
        meeting={64th Annual Internat. Mtg., Soc. Expl. Geophys.},
        booktitle={Expanded Abstracts},
        publisher={},
        volume={94},
        pages={1266-1269}
        }

@Booklet{fgdp,
  title = 	 {Fundamentals of Geophysical Data Processing},
  author =	 {J. Claerbout},
  howpublished = {http://sepwww.stanford.edu/sep/prof/},
  year =	 1976
}

@Book{fgdp1,
  author = 	 {J. F. Claerbout},
  title = 	 {Fundamentals of Geophysical Data Processing},
  publisher = 	 {Blackwell Scientific Publications},
  year = 	 1976
}

@article{gazdag78,
author={Gazdag, Jeno},
year={1978},
title={Wave equation migration with the phase-shift method},
journal={Geophysics},
volume={43},
number={7},
pages={1342-1351}}

@Article{graves90,
  author = 	 {R. W. Graves and R. W. Clayton},
  title = 	 {Modeling acoustic waves with paraxial extrapolators},
  journal = 	 {Geophysics},
  year = 	 1990,
  volume =	 55,
  number =	 3,
  pages =	 {306-319}
}

@Article{hale90a,
  author = 	 {Hale},
  title = 	 {Stable explicit depth extrapolation of seismic
                  wavefields},
  journal = 	 {Geophysics},
  year = 	 1990,
  volume =	 56,
  number =	 11,
  pages =	 {1770-1777}
}
@Article{hale90b,
  author = 	 {Hale},
  title = 	 {{3-D} {D}epth migration via {M}c{C}lellan transformations},
  journal = 	 {Geophysics},
  year = 	 1990,
  volume =	 56,
  number =	 11,
  pages =	 {1778-1785}
}



@inProceedings{helix,
  author = 	 {J. F. Claerbout},
  title = 	 {Invitation to the helical coordinate system},
  year = 	 {1998},
        meeting={68th Annual Internat. Mtg., Soc. Expl. Geophys.},
        booktitle={Expanded Abstracts (this edition)},
}

@Book{iserles,
  author = 	 {Arieh Iserles},
  title = 	 {A First Course in the Numerical Analysis of Differential Equations},
  publisher = 	 {Cambridge University Press},
  year = 	 {1996},
}

@Book{iei,
  author = 	 {J. F. Claerbout},
  title = 	 {Imaging the Earth's Interior},
  publisher = 	 {Blackwell Scientific Publications},
  year = 	 1985
}

@article{stoffa,
author={Stoffa, P. L. and  Fokkema, J. T. and  de Luna Freire, R. M. and  Kessinger, W. P.},
year={1990},
title={Split-step {F}ourier migration},
journal={Geophysics},
volume={55},
number={4},
pages={410-421}}

@Article{zhou97,
  author = 	 {H. Zhou and G. A. McMechan},
  title = 	 {One-pass {3-D} seismic extrapolation with the
                  45$^\circ$ wave-equation}, 
  journal = 	 {Geophysics},
  year = 	 1997,
  volume =	 62,
  number =	 6,
  pages =	 {1817-1824}
}



