@Book{claerbout92,
  author = 	 {J[] Claerbout},
  title = 	 {Earth soundings analysis: Processing versus inversion},
  publisher = {Blackwell Scientific Publications, Inc.},
  year = 	 1992,	
}

@article{madiba03,
author = {Gislain B. Madiba and George A. McMechan},
collaboration = {},
title = {Processing, inversion, and interpretation of a 2D seismic data set from the North Viking Graben, North Sea},
publisher = {SEG},
year = {2003},
journal = {Geophysics},
volume = {68},
number = {3},
pages = {837-848},
}

@book{biondi06,
author = {Biondo L. Biondi}, 
title = {3{D} Seismic Imaging},
publisher = {Society of Exploration Geophysicists},
address = {Tulsa, OK},
year = {2006},
} 

@article{versteeg94,
author = {R. Versteeg},
title = {The Marmousi experience: velocity model determination on a synthetic complex data set},
year = {1994},
journal = {The Leading Edge},
volume = {13},
pages = {927-936},
}

@article{leveille11,
author = {Jacques P. Leveille and Ian F. Jones and Zheng-Zheng Zhou and Bin Wang and Faqi Liu},
collaboration = {},
title = {Subsalt imaging for exploration, production, and development: A review},
publisher = {SEG},
year = {2011},
journal = {Geophysics},
volume = {76},
number = {5},
pages = {WB3-WB20},
}


@article{kabbej07,
author = {Amir Kabbej and Reda Baina and Bertrand Duquet},
collaboration = {},
title = {Aperture optimized two-pass {K}irchhoff migration},
publisher = {SEG},
year = {2007},
journal = {SEG Technical Program Expanded Abstracts},
volume = {26},
number = {1},
pages = {2339-2343},
url = {http://link.aip.org/link/?SGA/26/2339/1},
doi = {10.1190/1.2792952}
}

@article{audebert02,
author = {Fran\c{c}ois Audebert and Pascal Froidevaux and Hery Rakotoarisoa and Julie Svay-Lucas},
collaboration = {},
title = {Insights into migration in the angle domain},
publisher = {SEG},
year = {2002},
journal = {SEG Technical Program Expanded Abstracts},
volume = {21},
number = {1},
pages = {1188-1191},
url = {http://link.aip.org/link/?SGA/21/1188/1},
doi = {10.1190/1.1816863}
}

@article{klokov09,
author = {Alexander Klokov and German Hoecht and Reda Baina and Evgeny Landa},
collaboration = {},
title = {Multidimensional moveout estimation},
publisher = {SEG},
year = {2009},
journal = {SEG Technical Program Expanded Abstracts},
volume = {28},
number = {1},
pages = {3760-3764},
keywords = {imaging; multiparameter; processing; stacking},
url = {http://link.aip.org/link/?SGA/28/3760/1},
doi = {10.1190/1.3255650}
}

@article{xu01,
	author = {Sheng Xu and Herv\'{e} Chauris and Gilles Lambar\'{e} and Mark Noble},	
	title = {Common-angle migration: A strategy for imaging complex media},
	publisher = {SEG},
	year = {2001},
	journal = {Geophysics},
	volume = {66},
	number = {6},
	pages = {1877-1894},
}

@article{sava03,
	author = {Paul C. Sava and Sergey Fomel},
	title = {Angle-domain common-image gathers by wavefield continuation methods},
	publisher = {SEG},
	year = {2003},
	journal = {Geophysics},
	volume = {68},
	number = {3},
	pages = {1065-1074},
}

@article{brandsberg-dahl03,
	author = {Sverre Brandsberg-Dahl and Maarten V. de Hoop and Bjorn Ursin},
	collaboration = {},
	title = {Focusing in dip and AVA compensation on scattering-angle/azimuth common image gathers},
	publisher = {SEG},
	year = {2003},
	journal = {Geophysics},
	volume = {68},
	number = {1},
	pages = {232-254},
}

@article{schleicher97,
	author = {J\"{o}rg Schleicher and Peter Hubral and Martin Tygel and Makky S. Jaya},
	collaboration = {},
	title = {Minimum apertures and {F}resnel zones in migration and demigration},
	publisher = {SEG},
	year = {1997},
	journal = {Geophysics},
	volume = {62},
	number = {1},
	pages = {183-194},
}

﻿@article {tillmanns99,
   author = {Mark Tillmanns and Helmut Gebrande},
   title = {Focusing in Prestack Isochrone Migration Using Instantaneous Slowness Information},
   journal = {Pure and Applied Geophysics},
   publisher = {Birkhäuser Basel},
   issn = {0033-4553},
   keyword = {Earth and Environmental Science},
   pages = {187-206},
   volume = {156},
   issue = {1},
   year = {1999}
}

@article {bienati09,
	author = {N[] Bienati and C[] Andreoletti and F[] Perrone and V[] Lipari and M[] Giboli},
	title = {Limited Aperture Migration in the Angle Domain},
	publisher = {EAGE},
	year = {2009},
	journal = {71st EAGE Conference and Exhibition Extended Abstracts},
	volume = {U005}
}

@article{alerini09,
	author = {M[] Alerini and B[] Ursin},
	title = {Adaptive focusing window for seismic angle migration},
	year = {2009},
	journal = {Geophysics},
	volume = {74},
	number = {1},
	pages = {S1-S10},
}

@article{sun01,
	author = {H. Sun and G. T. Schuster},
	title = {2-{D} wavepath migration},
	publisher = {SEG},
	year = {2001},
	journal = {Geophysics},
	volume = {66},
	number = {5},
	pages = {1528-1537},
}

﻿@article {tabti04,
   author = {H[] Tabti and L[[] J[] Gelius and T[] Hellmann},
   title = {Fresnel aperture prestack depth migration},
   journal = {First Break},
   pages = {39-46},
   volume = {22},
   issue = {3},
   year = {2004}
}

@article{buske09,
	author = {Stefan Buske and Stine Gutjahr and Christof Sick},
	title = {Fresnel volume migration of single-component seismic data},
	publisher = {SEG},
	year = {2009},
	journal = {Geophysics},
	volume = {74},
	number = {6},
	pages = {WCA47-WCA55}
}

@article{luth05,
	author = {Stefan L\"{u}th and Stefan Buske and R\"{u}diger Giese and Alexander Goertz},
	title = {Fresnel volume migration of multicomponent data},
	publisher = {SEG},
	year = {2005},
	journal = {Geophysics},
	volume = {70},
	number = {6},
	pages = {S121-S129}
}

@article{hertweck03,
	author = {Thomas Hertweck and Christoph J\"{a}ger and Alexander Goertz and J\"{o}rg Schleicher},
	title = {Aperture effects in 2.5{D} Kirchhoff migration: a geometrical explanation},
	publisher = {SEG},
	year = {2003},
	journal = {Geophysics},
	volume = {68},
	number = {5},
	pages = {1673-1684}
}

@article{hua03,
	author = {Biaolong Hua and George A. McMechan},
	title = {Parsimonious 2D prestack Kirchhoff depth migration},
	publisher = {SEG},
	year = {2003},
	journal = {Geophysics},
	volume = {68},
	number = {3},
	pages = {1043-1051}
}

@article{spinner07,
	author = {Miriam Spinner and Jurgen Mann},
	title = {{CRS}-based minimum-aperture time migration {--} {A} 2{D} land-data case study},
	year = {2007},
	journal = {SEG Technical Program Expanded Abstracts},
	volume = {26},
	number = {1},
	pages = {2354-2358}
}

@article{sun98,
	author = {Jianguo Sun},
	title = {On the limited aperture migration in two dimensions},
	year = {1998},
	journal = {Geophysics},
	volume = {63},
	number = {3},
	pages = {984-994},
}

@article{koren11,
author = {Zvi Koren and Igor Ravve},
title = {Full-azimuth subsurface angle domain wavefield decomposition and imaging {P}art {I}: Directional and reflection image gathers},
publisher = {SEG},
year = {2011},
journal = {Geophysics},
volume = {76},
number = {1},
pages = {S1-S13}
}

@Book{bleistein01,
  author = 	 {N[] Bleistein and J[] Cohen and W[] Stockwell},
  title = 	 {Mathematics of multidimensional seismic imaging, migration, and inversion},
  publisher = {Springer},
  year = 	 2001,	
}

@article{fomel02,
author = {Sergey Fomel},
collaboration = {},
title = {Applications of plane-wave destruction filters},
publisher = {SEG},
year = {2002},
journal = {Geophysics},
volume = {67},
number = {6},
pages = {1946-1960},
keywords = {seismology; seismic waves; filters; imaging; signal processing; finite difference methods; parameter estimation},
url = {http://link.aip.org/link/?GPY/67/1946/1},
doi = {10.1190/1.1527095}
}

@article{landa08,
author = {Evgeny Landa and Sergey Fomel and Moshe Reshef},
collaboration = {},
title = {Separation, imaging, and velocity analysis of seismic diffractions using migrated dip-angle gathers},
publisher = {SEG},
year = {2008},
journal = {SEG Technical Program Expanded Abstracts},
volume = {27},
number = {1},
pages = {2176-2180},
keywords = {attributes; common angle; diffraction; faults; migration},
url = {http://link.aip.org/link/?SGA/27/2176/1},
doi = {10.1190/1.3059318}
}

@article{taner69,
author = {M. Turhan Taner and Fulton Koehler},
collaboration = {},
title = {VELOCITY SPECTRA---DIGITAL COMPUTER DERIVATION APPLICATIONS OF VELOCITY FUNCTIONS},
publisher = {SEG},
year = {1969},
journal = {Geophysics},
volume = {34},
number = {6},
pages = {859-881},
}

@article{etgen09,
author = {John Etgen and Samuel H. Gray and Yu Zhang},
title = {An overview of depth imaging in exploration geophysics},
publisher = {SEG},
year = {2009},
journal = {Geophysics},
volume = {74},
number = {6},
pages = {WCA5-WCA17},
}

@article{khaidukov04,
author = {V. Khaidukov and E. Landa and T. J. Moser},
collaboration = {},
title = {Diffraction imaging by focusing-defocusing: An outlook on seismic superresolution},
publisher = {SEG},
year = {2004},
journal = {Geophysics},
volume = {69},
number = {6},
pages = {1478-1490},
keywords = {seismic waves; seismology; faulting; image processing; geophysical signal processing},
url = {http://link.aip.org/link/?GPY/69/1478/1},
doi = {10.1190/1.1836821}
}

@article{klokov12,
author = {Klokov, A. and Fomel, S.},
title = {Separation and imaging of seismic diffractions using migrated dip-angle gathers},
journal = {Geophysics},
volume = {77},
number = {6},
pages = {S131-S143},
year = {2012},
doi = {10.1190/geo2012-0017.1},
URL = {http://library.seg.org/doi/abs/10.1190/geo2012-0017.1},
eprint = {http://library.seg.org/doi/pdf/10.1190/geo2012-0017.1}
}

@Book{urupov85,
  author = {A[] Urupov and A[] Levin},
  title = {The determination and interpretation of velocities in reflection seismology},
  publisher = {Nedra},
  year = 1985	
}

@article{pranter07,
	author = {Matthew J. Pranter and Amanda I. Ellison and Rex D. Cole and Penny E. Patterson},
	title = {Analysis and modeling of intermediate-scale reservoir heterogeneity based on a fluvial
	point-bar outcrop analog, {W}illiams {F}ork {F}ormation, {P}iceance {B}asin, {C}olorado},
	publisher = {AAPG},
	year = {2007},
	journal = {{AAPG} Bulletin},
	volume = {91},
	number = {7},
	pages = {1025-1051},
}

@PhdThesis{will,
  author = 	 {W[] Burnett},
  title = 	 {Multiazimuth velocity analysis using velocity-independent seismic imaging},
  school = 	 {The University of Texas at Austin},
  year = 	 2011}

@article{dafni12,
	author = {R[] Dafni and M[] Reshef},
	title = {Image enhancement by {CIG} multi-parameter characterization},
	publisher = {EAGE},
	year = {2012},
	journal = {74nd EAGE Conference and Exhibition},
}

@article{neidell97,
	author = {Neidell, N.},
	title = {Perceptions in seismic imaging Part 2: Reflective and diffractive contributions to seismic imaging},
	journal = {The Leading Edge},
	volume = {16},
	number = {8},
	pages = {1121-1123},
	year = {1997},
}

@article{stolk04,
	author = {C[] Stolk and W[] Symes},
	title = {Kinematic artifacts in prestack depth migration},
	year = {2004},
	journal = {Geophysics},
	volume = {69},
	number = {2},
	pages = {562-575},
}

@article{fomel2013,
	author = {S[] Fomel and R[] Kazinnik},
	title = {Nonhyperbolic common reflection surface},
	journal = {Geophysical Prospecting},
	volume = {61},
	pages = {21-27},
	year = {2013},
}

@article{fomel1999,
	author = {S[] Fomel and M[] Prucha},
	title = {Angle-gather time migration},
	journal = {Stanford Exploration Project},
	volume = {SEP-100},
	pages = {141-150},
	year = {1999},
}

@article{bleistein2002,
	author = {N[] Bleistein and S[] Gray},
	title = {A proposal for common-opening-angle migration/inversion},
        journal = {Center for Wave Phenomena},
	volume = {CWP-420},
	pages = {293-303},
	year = {2002},
}

@Book{klem-musatov94,
  author = 	 {K[] Klem-Musatov},
  title = 	 {Theory of Seismic Diffractions},
  publisher = {Society of Exploration Geophysicists},
  year = 	 1994,	
}

@article{paffenholz02,
	author = {Josef Paffenholz and Bill McLain and Joerg Zaske and P. Joseph Keliher},
	title = {Subsalt multiple attenuation and imaging: Observations from the {S}igsbee2{B} synthetic dataset},
	chapter = {538},
	pages = {2122-2125},
	journal = {SEG Technical Program Expanded Abstracts},
	year={2002}
}

@article{sava01,
	author = {Paul Sava and Sergey Fomel},
	title = {3-D traveltime computation using Huygens wavefront tracing},
	publisher = {SEG},
	year = {2001},
	journal = {Geophysics},
	volume = {66},
	number = {3},
	pages = {883-889},
}

@article{fomel07,
author = {Sergey Fomel and Evgeny Landa and M. Turhan Taner},
collaboration = {},
title = {Poststack velocity analysis by separation and imaging of seismic diffractions},
publisher = {SEG},
year = {2007},
journal = {Geophysics},
volume = {72},
number = {6},
pages = {U89-U94},
keywords = {geophysical signal processing; seismic waves; seismology},
url = {http://link.aip.org/link/?GPY/72/U89/1},
doi = {10.1190/1.2781533}
}
