@article{alkhalifah:2000,
  author =	 {T. Alkhalifah},
  title =	 {An acoustic wave equation for anisotropic media},
  publisher =	 {SEG},
  year =	 2000,
  journal =	 {Geophysics},
  volume =	 65,
  number =	 2,
  pages =	 {1239-1250}
}

@article{alkhalifah:2003,
  author =	 {T. Alkhalifah},
  title =	 {An acoustic wave equation for orthorhombic anisotropy},
  publisher =	 {SEG},
  year =	 2003,
  journal =	 {Geophysics},
  volume =	 68,
  number =	 4,
  pages =	 {1169-1172}
}

@Book{auld:1973,
  author =     {B.A. Auld},
  title =      {Acoustic Fields and Waves in Solids},
  publisher =  {John Wiley \& Sons, New York},
  year =       {1973},
}

@Book{aki.richards:2002,
  author =       {K. Aki and P. Richards},
  title =        {Quantitative Seismology (second edition)},
  publisher =    {University Science Books},
  year =         2002
}

@article{bube:2012,
  author =       {K. P. Bube and T. Nemeth and J. P. Stefani and R. Ergas and W. Liu and K. T. Nihei and L. Zhang},
  title =        {On the instability in second-order systems for acoustic {VTI} and {TTI} media},
  publisher =    {SEG},
  year =         2012,
  journal =      {Geophysics},
  volume = {77},
  number = {5},
  pages = {T171-T186},
}

@Book{carcione:2001,
  author =   {J. M. Carcione},
  title =    {Wave fields in real media: Wave propagation in anisotropic,
              anelastic and porous media},
  publisher = {Pergamon Press},
  year =      {2001},
}

@article{cheng.kang:2012,
  author =       {J. B. Cheng and W. Kang},
  title =        {Propagating pure wave modes in general anisotropic media, {P}art {I}: P-wave propagator},
  publisher =    {SEG},
  year =         2012,
  journal =      {82nd Annual International Meeting, SEG, Expanded Abstracts},
  pages =        {doi: 10.1190/segam2012-0616.1},
}

@article{cheng.fomel:2013,
  author =       {J. B. Cheng and S. Fomel},
  title =        {Fast algorithms for elastic wave mode separation and vector decomposition using low-rank approximation for anisotropic media},
  publisher =    {SEG},
  year =         2013,
  journal =      {83rd Annual International Meeting, SEG, Expanded Abstracts},
  pages =        {991-997}
}

@article{chu:2011,
  author =       {C. Chu and B.K. Macy and P. Anno},
  title =        {Approximation of pure acoustic seismic wave propagation in {TTI} media},
  publisher =    {SEG},
  year =         2011,
  journal =      {Geophysics},
  volume = {76},
  number = {5},
  pages =        {WB98-WB107}
}

@PhdThesis{dellinger.thesis,
  author =	 {J. Dellinger},
  title =	 {Anisotropic Seismic Wave Propagation},
  school =	 {Stanford University},
  year =	 1991,
  month =	 {April}
}

@article{dellinger.etgen:1990,
author = {J. Dellinger and J. Etgen},
title = {Wavefield separation in two-dimensional anisotropic media},
publisher = {SEG},
year = {1990},
journal = {Geophysics},
volume = {55},
number = {7},
pages = {914-919},
}

@article{du:2010,
  author =       {X. Du and R. P. Fletcher and P. J. Fowler},
  title =        {Pure P-wave propagators versus pseudo-acoustic
                  propagators for {RTM} in {VTI} media},
  publisher =    {SEG},
  year =         2010,
  journal =      {72nd Annual International Meeting, EAGE, Expanded Abstracts},
  pages =        {382-386}
}

@article{duveneck:2011,
author = {E. Duveneck and P. M. Bakker},
title = {Stable {P}-wave modeling for reverse-time migration in tilted {TI} media},
publisher = {SEG},
year = {2011},
journal = {Geophysics},
volume = {76},
number = {2},
pages = {S65-S75},
}

@article{etgen:2009,
  author =       {J. Etgen and S. Brandsberg-Dahl},
  title =        {The pseudo-analytical method: Application of pseudo-{L}aplacians to acoustic
                  and acoustic anisotropic wave propagation},
  publisher =    {SEG},
  year =         2009,
  journal =      {79th Annual International Meeting, SEG, Expanded Abstracts},
  pages =        {2552-2556}
}

@article{fomel:2013,
  author =     {S. Fomel and L. Ying and X. Song},
  title =      {Seismic wave extrapolation using lowrank symbol approximation},
  publisher =  {EAGE},
  year =       2013,
  volume = {61},
  journal =    {Geophysical Prospecting},
  pages =      {526-536}
}

@article{fowler.king:2011,
  author =       {P.J Fowler and R. King},
  title =        {Modeling and reverse time migration of orthorhombic pseudo-acoustic {P}-waves},
  publisher =    {SEG},
  year =         2011,
  journal =      {81st Annual International Meeting, SEG, Expanded Abstracts},
  pages =        {190-195}
}

@article{fowler:2010,
author = {P. J. Fowler and X. Du and R. P. Fletcher},
collaboration = {},
title = {Coupled equations for reverse time migration in transversely isotropic media},
publisher = {SEG},
year = {2010},
journal = {Geophysics},
volume = {75},
number = {1},
pages = {S11-S22},
}

@article{fletcher:2009,
author = {R. P. Fletcher and X. Du and P. J. Fowler},
collaboration = {},
title = {Reverse time migration in tilted transversely isotropic ({TTI}) media},
publisher = {SEG},
year = {2009},
journal = {Geophysics},
volume = {74},
number = {6},
pages = {WCA179-WCA187},
}

@article{grechka:2004,
  author =       {V. Grechka and L. Zhang and J.
                  W. Rector III},
  title =        {Shear waves in acoustic anisotropic media},
  publisher =    {SEG},
  year =         2004,
  journal =      {Geophysics},
  volume =       69,
  number =       2,
  pages =        {576-582},
}

@Book{helbig:1994,
  author =     {K. Helbig},
  title =      {Foundation of anisotropy for exploration seismics},
  publisher =  {Pergamon Press},
  year =       {1994},
}

@article{hestholm,
  author =       {S. Hestholm},
  title =        {Acoustic {VTI} modeling using high-order finite-differences},
  publisher =    {SEG},
  year =         2007,
  journal =      {77th Annual International Meeting, SEG, Expanded Abstracts},
  pages =        {139-143}
}

@article{jin,
  author =       {S. Jin and F. Jiang and Y. Ren},
  title =        {Comparison of isotropic, {VTI} and {TTI} reverse time migration:
                  an experiment on {BP} anisotropic benchmark dataset},
  publisher =    {SEG},
  year =         2011,
  journal =      {81st Annual International Meeting, SEG, Expanded Abstracts},
  pages =        {3198-3203}
}

@article{klie,
  author =       {H. Klie and W. Toro},
  title =        {A new acoustic wave equation for modeling in anisotropic media},
  publisher =    {SEG},
  year =         2001,
  journal =      {71st Annual International Meeting, SEG, Expanded Abstracts},
  pages =        {1171-1174}
}

@article{kang.cheng:2011a,
  author =       {W. Kang and J. B. Cheng},
  title =        {New coupled equations of {P}- and {SV}-wave for {RTM} in {TI} media},
  publisher =    {EAGE},
  year =         2011,
  journal =      {73rd Annual International Meeting, EAGE, Expanded Abstracts},
  pages =        {P267}
}

@article{kang.cheng:2011b,
  author =       {W. Kang and J. B. Cheng},
  title =        {Prestack scalar reverse time migration of elastic seismic data in {TI} media},
  publisher =    {SEG},
  year =         2011,
  journal =      {81st Annual International Meeting, SEG, Expanded Abstracts},
  pages =        {3367-3371}
}

@article{kang.cheng:2012,
  author =       {W. Kang and J. B. Cheng},
  title =        {Propagating pure wave modes in {3D} general anisotropic media, {P}art {II}: {SV} and {SH} wave},
  publisher =    {SEG},
  year =         2012,
  journal =      {82nd Annual International Meeting, SEG, Expanded Abstracts},
  pages =        {doi: 10.1190/segam2012-1234.1}
}

@article{liu:2009,
  author =       {F. Liu and S.A. Morton and S. Jiang and L. Ni and J.P. Leveille},
  title =        {Decoupled Wave Equations for {P} and {SV} Waves in an Acoustic {VTI} Media},
  publisher =    {SEG},
  year =         2009,
  journal =      {79th Annual International Meeting, SEG, Expanded Abstracts},
  pages =        {2844-2848}
}

@article{macesanu,
  author =       {Macesanu},
  title =        {The Pseudo-Acoustic Approximation to Wave Propagation in {TTI} Media},
  publisher =    {SEG},
  year =         2011,
  journal =      {81st Annual International Meeting, SEG, Expanded Abstracts},
  pages =        {174-178}
}

@Book{musgrave,
  author =       {M. J. P. Musgrave},
  title =        {Crystal acoustics},
  publisher =    {Holden {D}ay},
  year =         1970
}

@article{pestana:2011,
  author =       {R.C. Pestana and B. Ursin and P. L. Stoffa},
  title =        {Separate {P}- and {SV}-wave equations for {VTI} Media},
  publisher =    {SEG},
  year =         2011,
  journal =      {SEG Technical Program Expanded Abstracts},
  pages =        {163-167}
}

@article{pestana.stoffa:2010,
  author =	 {R.C. Pestana and P. L. Stoffa},
  title =	 {Time evolution of the wave equation using rapid expansion method},
  publisher =	 {SEG},
  year =	 2010,
  journal =	 {Geophysics},
  volume =	 75,
  number =	 4,
  pages =	 {T121-T131},
}

@article{psencik:1998,
  author =	 {I. Psencik and D. Gajewski},
  title =	 {Polarization, phase velocity, and {NMO} velocity of q{P}-waves in arbitrary weak anisotropic media},
  publisher =	 {SEG},
  year =	 1998,
  journal =	 {Geophysics},
  volume =	 63,
  number =	 5,
  pages =	 {1754-1766},
}

@article{rommel:1994,
  author =       {B. E. Rommel},
  title =        {Approximate polarization of plane waves in a medium having weak transverse isotropy},
  publisher =    {SEG},
  year =         1994,
  journal =      {Geophysics},
  volume =       59,
  pages =        {1605-1612},
}

@article{rudzki,
  author =	 {M. P. Rudzki},
  title =	 {Parametrische darstellung der elastischen Welle in anisotropen Medien},
  year =	 1911,
  journal =	 {Bulletin of the Academy of Science Cracow {A}},
  pages =	 {503-536},
}

@article{schoenberg.helbig:1997,
  author =	 {M. Schoenberg and K. Helbig},
  title =	 {Orthorhombic media: Modeling elastic wave behavior in a vertically fractured earth},
  publisher =	 {SEG},
  year =	 1997,
  journal =	 {Geophysics},
  volume =	 62,
  number =	 6,
  pages =	 {1954-1974},
}

@article{song.fomel:2011,
  author =	 {X. Song and S. Fomel},
  title =	 {Fourier finite-difference wave propagation},
  publisher =	 {SEG},
  year =	 2011,
  journal =	 {Geophysics},
  volume =	 76,
  number =	 5,
  pages =	 {T123-T129},
}

@article{song:2013,
  author =	 {X. Song and T. Alkhalifah},
  title =	 {Modeling of pseudoacoustic P-waves in orthorhombic media with a low-rank approximation},
  publisher =	 {SEG},
  year =	 2013,
  journal =	 {Geophysics},
  volume =	 78,
  number =	 4,
  pages =	 {C33-C40},
}
@article{thomsen:1986,
  author =	 {L. Thomsen},
  title =	 {Weak elastic anisotropy},
  publisher =	 {SEG},
  year =	 1986,
  journal =	 {Geophysics},
  volume =	 51,
  pages =	 {1954-1996},
}

@Book{tsvankin:2001,
  author =	 {I. Tsvankin},
  title =	 {Seismic signatures and analysis of reflection data
                  in anisotropioc media},
  publisher =	 {Elsevier Science Ltd.},
  year =	 2001
}

@article{tsvankin.chesnokov:1990,
author = {I. Tsvankin and E. Chesnokov},
title = {Synthesis of body-wave seismograms from point source in anisotropic media},
year = {1990},
journal = {Journal of Geophysics Research},
volume = {95},
number = {B7},
pages = {11317-11331},
}

@article{tsvankin:1997b,
author = {I. Tsvankin},
title = {Anisotropic parameters and {P}-wave velocity for orthorhombic media},
publisher = {SEG},
year = {1997},
journal = {Geophysics},
volume = {62},
pages = {1292-1309},
}

@article{wild.crampin:1991,
  author =	 {P. Wild and S. Crampin},
  title =	 {The range of effects of azimuthal isotropy and {EDA} anisotropy in sedimentary basins},
  year =	 1991,
  journal =	 {Geophysical Journal of International},
  volume =	 107,
  pages =	 {513-529}
}

@article{crampin:1984,
  author =       {Crampin, S.},
  title =        {Effective anisotropic elastic constants for wave propagation through cracked solids},
  year =         1984,
  journal =      {Geophysical Journal of the Royal Astronomical Society},
  volume =       {76},
  pages =        {135-145}
}

@article{winterstein,
  author =	 {D.F. Winterstein},
  title =	 {Velocity anisotropy terminology for geophysicists},
  publisher =	 {SEG},
  year =	 1990,
  journal =	 {Geophysics},
  volume =	 55,
  number =	 8,
  pages =	 {1070-1088}
}

@article{yan.sava:2009,
author = {J. Yan and P. Sava},
title = {Elastic wave-mode separation for {VTI} media},
publisher = {SEG},
year = {2009},
journal = {Geophysics},
volume = {74},
number = {5},
pages = {WB19-WB32},
}

@article{yan:2012,
author = {J. Yan and P. Sava},
title = {Elastic wave mode separation for tilted transversely isotropic media},
publisher = {EAGE},
year = {2012},
journal = {Geophysical Prospecting},
volume = {60},
pages = {29-48},
}

@article{yan.sava:2011,
author = {J. Yan and P. Sava},
title = {Improving the efficiency of elastic wave-mode separation for heterogenous tilted transver isotropic media},
publisher = {SEG},
year = {2011},
journal = {Geophysics},
volume = {76},
number = {4},
pages = {T65-T78},
}

@Book{yilmaz,
  author =     {O. Yilmaz},
  title =      {Seismic Data Analysis: Processing, Inversion, and Interpretation of seismic data (Second Edition)},
  publisher =  {Society of Exploration Geophysics},
  year =       {2001},
}

@article{zhan:2012,
author = {G. Zhan and R. C. Pestana and P. L. Stoffa},
title = {Decoupled equations for reverse time migration in tilted transversely isotropic media},
publisher = {SEG},
year = {2012},
journal = {Geophysics},
volume = {77},
number = {2},
pages = {T37-T45},
}

@article{zhang.zhang:2009,
author = {Y. Zhang and G. Zhang},
title = {One-step extrapolation method for reverse time migration},
publisher = {SEG},
year = {2009},
journal = {Geophysics},
volume = {74},
number = {4},
pages = {A29-A33},
}

@article{zhang.zhang:2011,
author = {H. Zhang and Y. Zhang},
title = {Reverse Time Migration in Vertical and Tilted Orthorhombic Media},
publisher = {SEG},
year = {2011},
journal = {81st Annual International Meeting, SEG, Expanded Abstracts},
pages = {185-189},
}

@article{zhang:2003,
author = {L. Zhang and J. W. Rector {III} and G. M. Hoversten},
title = {An acoustic wave equation for modeling in tilted {TI} media},
publisher = {SEG},
year = {2003},
journal = {73rd Annual International Meeting, SEG, Expanded Abstracts},
pages = {153-156},
}

@article{zhang:2009,
author = {H. Zhang and G. Zhang and Y. Zhang},
title = {Removing {S}-wave noise in {TTI} reverse time migration},
publisher = {SEG},
year = {2009},
journal = {79th Annual International Meeting, SEG, Expanded Abstracts},
pages = {2849-2853},
}

@article{zhang:2011,
author = {Y. Zhang and H. Zhang and G. Zhang},
collaboration = {},
title = {A stable {TTI} reverse time migration and its implementation},
publisher = {SEG},
year = {2011},
journal = {Geophysics},
volume = {76},
number = {3},
pages = {WA3-WA11},
}

@article{zhang.mcmechan:2010,
author = {Q. Zhang and George A. McMechan},
collaboration = {},
title = {2{D} and 3{D} elastic wavefield vector decomposition in the wavenumber domain for {VTI} media},
publisher = {SEG},
year = {2010},
journal = {Geophysics},
volume = {75},
number = {3},
pages = {D13-D26},
}

@article{zhou:2006eage,
  author =       {H. Zhou and G. Zhang and R. Bloor},
  title =        {An anisotropic acoustic wave equation for {VTI} media},
  publisher =    {EAGE},
  year =         2006,
  journal =      {68th Annual International Meeting, EAGE, Expanded Abstracts},
  pages =        {1171-1174}
}

@article{zhou:2006seg,
  author =       {H. Zhou and G. Zhang and R. Bloor},
  title =        {An anisotropic acoustic wave equation for modeling and migration
                  in 2{D} {TTI} media},
  publisher =    {SEG},
  year =         2006,
  journal =      {76th Annual International Meeting, SEG, Expanded Abstracts},
  pages =        {194-198}
}
