@Book{Tsvankin,
  author =	 {I Tsvankin},
  title =	 {Seismic signatures and analysis of reflection data
                  in anisotropic media: 2nd edition},
  publisher =	 {Elsevier Science Publ. Co., Inc},
  year =	 2005
}

@Book{Tarantola,
  author = 	 {A. Tarantola},
  title = 	 {Inverse {P}roblem {T}heory: methods for data
                 fitting and model parameter estimation},
  publisher = 	 {Elsevier Science Publ. Co., Inc},
  year = 	 1987
}

@article{yan:S229,
  author =	 {J. Yan and P. Sava},
  title =	 {Isotropic angle-domain elastic reverse-time
                  migration},
  publisher =	 {SEG},
  year =	 2008,
  journal =	 {Geophysics},
  volume =	 73,
  number =	 6,
  pages =	 {S229-S239},
  keywords =	 {acoustic wave propagation; geophysical signal
                  processing; seismic waves; seismology; signal
                  reconstruction},
  url =		 {http://link.aip.org/link/?GPY/73/S229/1},
  doi =		 {10.1190/1.2981241}
}

@article{yan:U1,
  author =	 {J. Yan and Ilya Tsvankin},
  title =	 {AVO-sensitive semblance analysis for wide-azimuth
                  data},
  publisher =	 {SEG},
  year =	 2008,
  journal =	 {Geophysics},
  volume =	 73,
  number =	 2,
  pages =	 {U1-U11},
  keywords =	 {data analysis; geophysics computing},
  url =		 {http://link.aip.org/link/?GPY/73/U1/1},
  doi =		 {10.1190/1.2834115}
}

@article{yan:2191,
  author =	 {J. Yan and P. Sava},
  title =	 {Elastic wavefield separation for {VTI} media},
  publisher =	 {SEG},
  year =	 2008,
  journal =	 {SEG Technical Program Expanded Abstracts},
  volume =	 27,
  number =	 1,
  pages =	 {2191-2195},
  keywords =	 {anisotropy; elastic; imaging; wave equation},
  url =		 {http://link.aip.org/link/?SGA/27/2191/1},
  doi =		 {10.1190/1.3059321}
}




@article{yan:WB19,
author = {J. Yan and P. Sava},
collaboration = {},
title = {Elastic wave-mode separation for {VTI} media},
publisher = {SEG},
year = {2009},
journal = {Geophysics},
volume = {74},
number = {5},
pages = {WB19-WB32},
keywords = {anisotropic media; geophysical techniques; Helmholtz equations; seismic waves},
url = {http://link.aip.org/link/?GPY/74/WB19/1},
doi = {10.1190/1.3184014}
}




@article{yan:4294,
author = {J. Yan and P. Sava},
collaboration = {},
title = {3D elastic wave mode separation for {TTI} media},
publisher = {SEG},
year = {2009},
journal = {SEG Technical Program Expanded Abstracts},
volume = {28},
number = {1},
pages = {4294-4298},
keywords = {multicomponent},
url = {http://link.aip.org/link/?SGA/28/4294/1},
doi = {10.1190/1.3255781}
}







@article{yan:1197,
author = {J. Yan and P. Sava},
collaboration = {},
title = {Elastic wave mode separation for {TTI} media},
publisher = {SEG},
year = {2009},
journal = {SEG Technical Program Expanded Abstracts},
volume = {28},
number = {1},
pages = {1197-1201},
keywords = {anisotropy; elastic; filtering},
url = {http://link.aip.org/link/?SGA/28/1197/1},
doi = {10.1190/1.3255066}
}






@article{simmons:1227,
  author =	 {J. Simmons and M. Backus},
  title =	 {An introduction---{M}ulticomponent},
  publisher =	 {SEG},
  year =	 2003,
  journal =	 {The Leading Edge},
  volume =	 22,
  number =	 12,
  pages =	 {1227-1262},
  keywords =	 {seismology; data analysis; geophysical prospecting;
                  image processing; arrays},
  url =		 {http://link.aip.org/link/?LEE/22/1227/1},
  doi =		 {10.1190/1.1885531}
}

@article{mcmechan:613,
  author =	 {G. A. McMechan},
  title =	 {Determination of source parameters by wavefield
                  extrapolation},
  journal =	 {Geophysical Journal International},
  volume =	 71,
  number =	 3,
  pages =	 {613-628},
  year =	 1982,
  doi =		 {10.1111/j.1365-246X.1982.tb02788.x},
  URL =
                  {http://www.blackwell-synergy.com/doi/abs/10.1111/j.1365-246X.1982.tb02788.x},
  eprint =
                  {http://www.blackwell-synergy.com/doi/pdf/10.1111/j.1365-246X.1982.tb02788.x}
}

@article{mcmechan:413,
  author =	 {G. A. McMechan},
  title =	 {MIGRATION BY EXTRAPOLATION OF TIME-DEPENDENT
                  BOUNDARY VALUES},
  journal =	 {Geophysical Prospecting},
  volume =	 31,
  number =	 3,
  pages =	 {413-420},
  year =	 1983,
  doi =		 {10.1111/j.1365-2478.1983.tb01060.x},
  URL =
                  {http://www.blackwell-synergy.com/doi/abs/10.1111/j.1365-2478.1983.tb01060.x},
  eprint =
                  {http://www.blackwell-synergy.com/doi/pdf/10.1111/j.1365-2478.1983.tb01060.x}
}

@article{chang:67,
  author =	 {W. F. Chang and G. A. McMechan},
  title =	 {Reverse-time migration of offset vertical seismic
                  profiling data using the excitation-time imaging
                  condition},
  publisher =	 {SEG},
  year =	 1986,
  journal =	 {Geophysics},
  volume =	 51,
  number =	 1,
  pages =	 {67-84},
  url =		 {http://link.aip.org/link/?GPY/51/67/1},
  doi =		 {10.1190/1.1442041}
}

@article{chang:597,
  author =	 {W. F. Chang and G. A. McMechan},
  title =	 {3-{D} elastic prestack, reverse-time depth
                  migration},
  publisher =	 {SEG},
  year =	 1994,
  journal =	 {Geophysics},
  volume =	 59,
  number =	 4,
  pages =	 {597-609},
  url =		 {http://link.aip.org/link/?GPY/59/597/1},
  doi =		 {10.1190/1.1443620}
}

@article{chang:1365,
  author =	 {W. F. Chang and G. A. McMechan},
  title =	 {Elastic reverse-time migration},
  publisher =	 {SEG},
  year =	 1987,
  journal =	 {Geophysics},
  volume =	 52,
  number =	 10,
  pages =	 {1365-1375},
  url =		 {http://link.aip.org/link/?GPY/52/1365/1},
  doi =		 {10.1190/1.1442249}
}

@article{levin:581,
  author =	 {S. A. Levin},
  title =	 {Principle of reverse-time migration},
  publisher =	 {SEG},
  year =	 1984,
  journal =	 {Geophysics},
  volume =	 49,
  number =	 5,
  pages =	 {581-583},
  url =		 {http://link.aip.org/link/?GPY/49/581/1},
  doi =		 {10.1190/1.1441693}
}

@article{chang:513,
  author =	 {W. F. Chang and G. A. McMechan},
  title =	 {3-{D} acoustic prestack reverse-time migration},
  publisher =	 {SEG},
  year =	 1989,
  journal =	 {SEG Technical Program Expanded Abstracts},
  volume =	 8,
  number =	 1,
  pages =	 {513-516},
  url =		 {http://link.aip.org/link/?SGA/8/513/1},
  doi =		 {10.1190/1.1889668}
}

@article{hokstad:861,
  author =	 {K. Hokstad},
  title =	 {Multicomponent {K}irchhoff migration},
  publisher =	 {SEG},
  year =	 2000,
  journal =	 {Geophysics},
  volume =	 65,
  number =	 3,
  pages =	 {861-873},
  url =		 {http://link.aip.org/link/?GPY/65/861/1},
  doi =		 {10.1190/1.1444783}
}

@article{hokstad:1685,
  author =	 {K. Hokstad and R. Mittet and M. Landr\o},
  title =	 {Elastic reverse time migration of marine walkaway
                  vertical seismic profiling data},
  publisher =	 {SEG},
  year =	 1998,
  journal =	 {Geophysics},
  volume =	 63,
  number =	 5,
  pages =	 {1685-1695},
  url =		 {http://link.aip.org/link/?GPY/63/1685/1},
  doi =		 {10.1190/1.1444464}
}

@article{hokstad:2044,
  author =	 {K. Hokstad and R. Sollie},
  title =	 {Multi-component elastic anisotropic {K}irchhoff
                  migration},
  publisher =	 {SEG},
  year =	 1998,
  journal =	 {SEG Technical Program Expanded Abstracts},
  volume =	 17,
  number =	 1,
  pages =	 {2044-2047},
  url =		 {http://link.aip.org/link/?SGA/17/2044/1},
  doi =		 {10.1190/1.1820351}
}

@article{Sun.elastic.rtm,
  author =	 {R. Sun and G. A. McMechan and C S Lee
                  and J Chow and C H Chen},
  title =	 {Prestack scalar reverse-time depth migration of {3D}
                  elastic seismic data},
  publisher =	 {SEG},
  year =	 2006,
  journal =	 {Geophysics},
  volume =	 71,
  number =	 5,
  pages =	 {S199-S207},
  keywords =	 {seismic waves; seismology; geophysical signal
                  processing; geophysical techniques},
  url =		 {http://link.aip.org/link/?GPY/71/S199/1},
}

@article{sun:286,
  author =	 {R. Sun and G. A. McMechan and H. H. Hsiao
                  and J. Chow},
  title =	 {Separating {P}- and {S}-waves in prestack {3D}
                  elastic seismograms using divergence and curl},
  publisher =	 {SEG},
  year =	 2004,
  journal =	 {Geophysics},
  volume =	 69,
  number =	 1,
  pages =	 {286-297},
  keywords =	 {seismic waves; geophysical signal processing;
                  reflection; elastic deformation; data analysis;
                  drilling},
  url =		 {http://link.aip.org/link/?GPY/69/286/1},
  doi =		 {10.1190/1.1649396}
}

@Book{akirichards.2002,
  author =	 {K. Aki and P. Richards},
  title =	 {Quantitative Seismology (second edition)},
  publisher =	 {University Science Books},
  year =	 2002
}

@article{sava:2460,
  author =	 {P. Sava and S. Fomel},
  title =	 {Time-shift imaging condition for converted waves},
  publisher =	 {SEG},
  year =	 2006,
  journal =	 {SEG Technical Program Expanded Abstracts},
  volume =	 25,
  number =	 1,
  pages =	 {2460-2464},
  url =		 {http://link.aip.org/link/?SGA/25/2460/1},
  doi =		 {10.1190/1.2370030}
}

@article{sava:947,
  author =	 {P. Sava and S. Fomel},
  title =	 {Wave-equation common-angle gathers for converted
                  waves},
  publisher =	 {SEG},
  year =	 2005,
  journal =	 {SEG Technical Program Expanded Abstracts},
  volume =	 24,
  number =	 1,
  pages =	 {947-950},
  url =		 {http://link.aip.org/link/?SGA/24/947/1},
  doi =		 {10.1190/1.2148317}
}

@Book{tsvankin.2001,
  author =	 {I. Tsvankin},
  title =	 {Seismic signatures and analysis of reflection data
                  in anisotropioc media},
  publisher =	 {Elsevier Science Ltd.},
  year =	 2001
}

@article{alkhalifah:623,
  author =	 {T. Alkhalifah},
  title =	 {Acoustic approximations for processing in
                  transversely isotropic media},
  publisher =	 {SEG},
  year =	 1998,
  journal =	 {Geophysics},
  volume =	 63,
  number =	 2,
  pages =	 {623-631},
  url =		 {http://link.aip.org/link/?GPY/63/623/1},
  doi =		 {10.1190/1.1444361}
}

@article{alkhalifah:1405,
  author =	 {T. Alkhalifah and K. Larner},
  title =	 {Migration error in transversely isotropic media},
  publisher =	 {SEG},
  year =	 1994,
  journal =	 {Geophysics},
  volume =	 59,
  number =	 9,
  pages =	 {1405-1418},
  url =		 {http://link.aip.org/link/?GPY/59/1405/1},
  doi =		 {10.1190/1.1443698}
}

@article{larner:1454,
  author =	 {K. L. Larner and J. K. Cohen},
  title =	 {Migration error in transversely isotropic media with
                  linear velocity variation in depth},
  publisher =	 {SEG},
  year =	 1993,
  journal =	 {Geophysics},
  volume =	 58,
  number =	 10,
  pages =	 {1454-1467},
  url =		 {http://link.aip.org/link/?GPY/58/1454/1},
  doi =		 {10.1190/1.1443360}
}

@article{alkhalifah:1169,
  author =	 {T. Alkhalifah},
  title =	 {An acoustic wave equation for orthorhombic
                  anisotropy},
  publisher =	 {SEG},
  year =	 2003,
  journal =	 {Geophysics},
  volume =	 68,
  number =	 4,
  pages =	 {1169-1172},
  keywords =	 {acoustic waves; acoustic wave propagation;
                  polarisation; anisotropic media; wave equations;
                  acoustic dispersion; elasticity},
  url =		 {http://link.aip.org/link/?GPY/68/1169/1},
  doi =		 {10.1190/1.1598109}
}

@article{alkhalifah:1239,
  author =	 {T. Alkhalifah},
  title =	 {An acoustic wave equation for anisotropic media},
  publisher =	 {SEG},
  year =	 2000,
  journal =	 {Geophysics},
  volume =	 65,
  number =	 4,
  pages =	 {1239-1250},
  url =		 {http://link.aip.org/link/?GPY/65/1239/1},
  doi =		 {10.1190/1.1444815}
}

@article{grechka:576,
  author =	 {V. Grechka and L. Zhang and J.
                  W. Rector III},
  title =	 {Shear waves in acoustic anisotropic media},
  publisher =	 {SEG},
  year =	 2004,
  journal =	 {Geophysics},
  volume =	 69,
  number =	 2,
  pages =	 {576-582},
  keywords =	 {geophysical signal processing; anisotropic media;
                  acoustic waves; shear deformation; velocity;
                  modelling},
  url =		 {http://link.aip.org/link/?GPY/69/576/1},
  doi =		 {10.1190/1.1707077}
}

@article{biondi:S93,
  author =	 {B. Biondi},
  title =	 {Residual moveout in anisotropic angle-domain
                  common-image gathers},
  publisher =	 {SEG},
  year =	 2007,
  journal =	 {Geophysics},
  volume =	 72,
  number =	 2,
  pages =	 {S93-S103},
  keywords =	 {seismic waves; anisotropic media; image processing},
  url =		 {http://link.aip.org/link/?GPY/72/S93/1},
  doi =		 {10.1190/1.2430562}
}

@article{biondi:S81,
  author =	 {B. Biondi},
  title =	 {Angle-domain common-image gathers from anisotropic
                  migration},
  publisher =	 {SEG},
  year =	 2007,
  journal =	 {Geophysics},
  volume =	 72,
  number =	 2,
  pages =	 {S81-S91},
  keywords =	 {seismic waves; image processing},
  url =		 {http://link.aip.org/link/?GPY/72/S81/1},
  doi =		 {10.1190/1.2430561}
}

@article{jones:2140,
  author =	 {I. F. Jones and M. C. Goodwin and I. D. Berranger
                  and H. Zhou and P. A. Farmer},
  title =	 {Application of anisotropic {3D} reverse time
                  migration to complex {N}orth {S}ea imaging},
  publisher =	 {SEG},
  year =	 2007,
  journal =	 {SEG Technical Program Expanded Abstracts},
  volume =	 26,
  number =	 1,
  pages =	 {2140-2144},
  url =		 {http://link.aip.org/link/?SGA/26/2140/1},
  doi =		 {10.1190/1.2792911}
}

@article{boechat:2427,
  author =	 {J. B. Boechat and A. B.
                  and D. M. S. Filho and P. M. Cunha and
                  W. J. Mansur and T. Moreira},
  title =	 {A {3D} reverse-time migration scheme for offshore
                  seismic data},
  publisher =	 {SEG},
  year =	 2007,
  journal =	 {SEG Technical Program Expanded Abstracts},
  volume =	 26,
  number =	 1,
  pages =	 {2427-2431},
  url =		 {http://link.aip.org/link/?SGA/26/2427/1},
  doi =		 {10.1190/1.2792971}
}

@article{schleicher:2393,
  author =	 {J. Schleicher and J. Costa and
                  A. Novais},
  title =	 {A comparison of imaging conditions for wave-equation
                  shot-profile migration},
  publisher =	 {SEG},
  year =	 2007,
  journal =	 {SEG Technical Program Expanded Abstracts},
  volume =	 26,
  number =	 1,
  pages =	 {2393-2397},
  url =		 {http://link.aip.org/link/?SGA/26/2393/1},
  doi =		 {10.1190/1.2792964}
}

@article{han:2000,
  author =	 {B. Han and T. Galikeev and V. Grechka
                  and J. Le Rousseau and I. Tsvankin},
  title =	 {A synthetic example of anisotropic {P}-wave
                  processing for a model from the {G}ulf of {M}exico},
  publisher =	 {SEG},
  year =	 2000,
  journal =	 {Proceedings of the 9th International Workshop on
                  Seismic Anisotropy (9IWSA)}
}

@article{shan:2290,
  author =	 {G. Shan},
  title =	 {Optimized implicit finite-difference migration for
                  {TTI} media},
  publisher =	 {SEG},
  year =	 2007,
  journal =	 {SEG Technical Program Expanded Abstracts},
  volume =	 26,
  number =	 1,
  pages =	 {2290-2294},
  url =		 {http://link.aip.org/link/?SGA/26/2290/1},
  doi =		 {10.1190/1.2792941}
}

@article{shan:2367,
  author =	 {G. Shan},
  title =	 {Optimized implicit finite-difference migration for
                  {VTI} media},
  publisher =	 {SEG},
  year =	 2006,
  journal =	 {SEG Technical Program Expanded Abstracts},
  volume =	 25,
  number =	 1,
  pages =	 {2367-2371},
  url =		 {http://link.aip.org/link/?SGA/25/2367/1},
  doi =		 {10.1190/1.2370010}
}

@article{shan:1906,
  author =	 {G. Shan and B. Biondi},
  title =	 {Imaging steeply dipping reflectors in {TI} media by
                  wavefield extrapolation},
  publisher =	 {SEG},
  year =	 2005,
  journal =	 {SEG Technical Program Expanded Abstracts},
  volume =	 24,
  number =	 1,
  pages =	 {1906-1909},
  url =		 {http://link.aip.org/link/?SGA/24/1906/1},
  doi =		 {10.1190/1.2148077}
}

@article{shan:104,
  author =	 {G. Shan and B. Biondi},
  title =	 {{3D} wavefield extrapolation in laterally-varying
                  tilted {TI} media},
  publisher =	 {SEG},
  year =	 2005,
  journal =	 {SEG Technical Program Expanded Abstracts},
  volume =	 24,
  number =	 1,
  pages =	 {104-107},
  url =		 {http://link.aip.org/link/?SGA/24/104/1},
  doi =		 {10.1190/1.2142214}
}

@article{etgen:972,
  author =	 {J. T. Etgen},
  title =	 {Prestacked migration of {P} and {S}{V}-waves},
  publisher =	 {SEG},
  year =	 1988,
  journal =	 {SEG Technical Program Expanded Abstracts},
  volume =	 7,
  number =	 1,
  pages =	 {972-975},
  url =		 {http://link.aip.org/link/?SGA/7/972/1},
  doi =		 {10.1190/1.1892463}
}

@article{AmundsenEtAl2001,
author = {L. Admundsen and L. Ikelle and L. Berg },
title = {Multidimensional signature deconvolution and free surface multiple elimination of marine multicomponent ocean-bottom seismic data},
journal = {Geophysics},
year = {2001},
volume = {66},
number = {},
pages = {1594--1604}
}

@article{AmundsenReitan1995,
  author =	 {L. Admundsen and A. Reitan},
  title =	 {Decomposition of multicomponent sea-floor data into
                  upgoing and downgoing {P} and {S} waves},
  year =	 1995,
  journal =	 {Geophysics},
  volume =	 60,
  pages =	 {560--572}
}

@article{HouMarfurt2002,
  author =	 {A. Hou and K. Marfurt},
  title =	 {Multicomponent prestack depth migration by scalar
                  wavefield extrapolation},
  year =	 2002,
  journal =	 {Geophysics},
  volume =	 67,
  pages =	 {1886--1894}
}

@article{WapenaarEtAl1987,
  author =	 {C. P. A. Wapenaar and N. A. Kinneging and
                  A. J. Berkhout},
  title =	 {Principle of prestack migration based on the full
                  elastic two-way wave equation},
  year =	 1987,
  journal =	 {Geophysics},
  volume =	 52,
  pages =	 {151--173}
}

@article{WapenaarHaime1990,
  author =	 {C. P. A. Wapenaar and G. C. Haim\'{e}},
  title =	 {Elastic extrapolation of seismic {P}- and {S}-waves},
  year =	 1990,
  journal =	 {Geophysical Prospecting},
  volume =	 38,
  number =	 1,
  pages =	 {23--60}
}

@article{WapenaarEtAl1990,
  author =	 {C. P. A. Wapenaar and P. Herrmann and
                  D. J. Verschuur and A. J. Berkhout},
  title =	 {Decomposition of Multicomponent Seismic Data into
                  primary {P}- and {S}-Wave Responses},
  year =	 1990,
  journal =	 {Geophysical Prospecting},
  volume =	 38,
  number =	 6,
  pages =	 {633--661}
}

@article{Gaiser1996,
  author =	 {J. Gaiser},
  title =	 {Multicomponent {V}p/{V}s correlation analysis},
  year =	 1996,
  journal =	 {Geophysics},
  volume =	 61,
  pages =	 {1137--1149}
}

@article{dai:427,
  author =	 {N. Dai and S. Cheadle},
  title =	 {Pseudo-spectral migration in the f-x domain},
  publisher =	 {SEG},
  year =	 1996,
  journal =	 {SEG Technical Program Expanded Abstracts},
  volume =	 15,
  number =	 1,
  pages =	 {427-430},
  url =		 {http://link.aip.org/link/?SGA/15/427/1},
  doi =		 {10.1190/1.1826665}
}

@article{fomel:781,
  author =	 {S Fomel and M. M. Backus},
  title =	 {Multicomponent seismic data registration by least
                  squares},
  publisher =	 {SEG},
  year =	 2003,
  journal =	 {SEG Technical Program Expanded Abstracts},
  volume =	 22,
  number =	 1,
  pages =	 {781-784},
  url =		 {http://link.aip.org/link/?SGA/22/781/1},
  doi =		 {10.1190/1.1818052}
}

@article{kuo:1223,
  author =	 {J. T. Kuo and T. F. Dai},
  title =	 {Kirchhoff elastic wave migration for the case of
                  noncoincident source and receiver},
  publisher =	 {SEG},
  year =	 1984,
  journal =	 {Geophysics},
  volume =	 49,
  number =	 8,
  pages =	 {1223-1238},
  url =		 {http://link.aip.org/link/?GPY/49/1223/1},
  doi =		 {10.1190/1.1441751}
}

@article{alford:834,
  author =	 {R. M. Alford and K. R. Kelly and D. M. Boore},
  title =	 {ACCURACY OF FINITE-DIFFERENCE MODELING OF THE
                  ACOUSTIC WAVE EQUATION},
  publisher =	 {SEG},
  year =	 1974,
  journal =	 {Geophysics},
  volume =	 39,
  number =	 6,
  pages =	 {834-842},
  url =		 {http://link.aip.org/link/?GPY/39/834/1},
  doi =		 {10.1190/1.1440470}
}

@article{martin:1979,
  author =	 {G. S. Martin and K. J. Marfurt and S. Larsen},
  title =	 {Marmousi-2: An updated model for the investigation
                  of AVO in structurally complex areas},
  publisher =	 {SEG},
  year =	 2002,
  journal =	 {SEG Technical Program Expanded Abstracts},
  volume =	 21,
  number =	 1,
  pages =	 {1979-1982},
  url =		 {http://link.aip.org/link/?SGA/21/1979/1},
  doi =		 {10.1190/1.1817083}
}

@article{nickel:869,
  author =	 {M. Nickel and L. Sonneland},
  title =	 {Automated {PS} to {PP} event registration and
                  estimation of a high-resolution {V}p-{V}s ratio
                  volume},
  publisher =	 {SEG},
  year =	 2004,
  journal =	 {SEG Technical Program Expanded Abstracts},
  volume =	 23,
  number =	 1,
  pages =	 {869-872},
  url =		 {http://link.aip.org/link/?SGA/23/869/1},
  doi =		 {10.1190/1.1843330}
}

@article{pestana:1308,
  author =	 {R. C. Pestana and F. M. Roxo da Mota and
                  T. J. Ulrych and S. Freire and F. Barbosa
                  da Silva},
  title =	 {Deterministic and stochastic separation of {P} and
                  {SV}-waves: A comparison},
  publisher =	 {SEG},
  year =	 1989,
  journal =	 {SEG Technical Program Expanded Abstracts},
  volume =	 8,
  number =	 1,
  pages =	 {1308-1311},
  url =		 {http://link.aip.org/link/?SGA/8/1308/1},
  doi =		 {10.1190/1.1889501}
}

@article{seriani:1285,
  author =	 {G. Seriani and E. Priolo and J. Carcione and
                  E. Padovani},
  title =	 {High-order spectral element method for elastic wave
                  modeling},
  publisher =	 {SEG},
  year =	 1992,
  journal =	 {SEG Technical Program Expanded Abstracts},
  volume =	 11,
  number =	 1,
  pages =	 {1285-1288},
  url =		 {http://link.aip.org/link/?SGA/11/1285/1},
  doi =		 {10.1190/1.1821973}
}

@article{seriani:1561,
  author =	 {G. Seriani and E. Priolo},
  title =	 {High-order spectral element method for acoustic wave
                  modeling},
  publisher =	 {SEG},
  year =	 1991,
  journal =	 {SEG Technical Program Expanded Abstracts},
  volume =	 10,
  number =	 1,
  pages =	 {1561-1564},
  url =		 {http://link.aip.org/link/?SGA/10/1561/1},
  doi =		 {10.1190/1.1888989}
}

@article{whitmore:382,
  author =	 {N. D. Whitmore},
  title =	 {Iterative depth migration by backward time
                  propagation},
  publisher =	 {SEG},
  year =	 1983,
  journal =	 {SEG Technical Program Expanded Abstracts},
  volume =	 2,
  number =	 1,
  pages =	 {382-385},
  url =		 {http://link.aip.org/link/?SGA/2/382/1},
  doi =		 {10.1190/1.1893867}
}

@article{guliyev:1123,
  author =	 {E. Guliyev and T. L. Davis and R.
                  J. Michelena},
  title =	 {Application of multicomponent seismic for Vp-Vs
                  ratio extraction: Tight gas sandstones example,
                  Rulison field, Colorado},
  publisher =	 {SEG},
  year =	 2006,
  journal =	 {SEG Technical Program Expanded Abstracts},
  volume =	 25,
  number =	 1,
  pages =	 {1123-1127},
  url =		 {http://link.aip.org/link/?SGA/25/1123/1},
  doi =		 {10.1190/1.2369716}
}

@article{stewart:40,
  author =	 {R. R. Stewart and J. E. Gaiser and R. J.
                  Brown and D. C. Lawton},
  title =	 {Converted-wave seismic exploration: Applications},
  publisher =	 {SEG},
  year =	 2003,
  journal =	 {Geophysics},
  volume =	 68,
  number =	 1,
  pages =	 {40-57},
  keywords =	 {seismology; geophysical prospecting; sediments;
                  rocks; seismic waves; faulting; imaging; geophysical
                  techniques},
  url =		 {http://link.aip.org/link/?GPY/68/40/1},
  doi =		 {10.1190/1.1543193}
}

@article{gaiser:974,
  author =	 {J. Gaiser and N. Moldoveanu and C. Macbeth
                  and R. Michelena and S. Spitz},
  title =	 {Multicomponent technology: the players, problems,
                  applications, and trends: Summary of the workshop
                  sessions},
  publisher =	 {SEG},
  year =	 2001,
  journal =	 {The Leading Edge},
  volume =	 20,
  number =	 9,
  pages =	 {974-977},
  url =		 {http://link.aip.org/link/?LEE/20/974/1},
  doi =		 {10.1190/1.1487318}
}

@article{ohanian:177,
  author =	 {V. Ohanian and W. E. Beckham},
  title =	 {Depth-variant fracture orientation from
                  multicomponent VSP},
  publisher =	 {SEG},
  year =	 1992,
  journal =	 {SEG Technical Program Expanded Abstracts},
  volume =	 11,
  number =	 1,
  pages =	 {177-180},
  url =		 {http://link.aip.org/link/?SGA/11/177/1},
  doi =		 {10.1190/1.1822032}
}

@article{walsh:140,
  author =	 {J. Walsh},
  title =	 {Fracture estimation from parametric inversion of
                  {SV} waves in multicomponent offset VSP data},
  publisher =	 {SEG},
  year =	 1993,
  journal =	 {SEG Technical Program Expanded Abstracts},
  volume =	 12,
  number =	 1,
  pages =	 {140-142},
  url =		 {http://link.aip.org/link/?SGA/12/140/1},
  doi =		 {10.1190/1.1822419}
}

@article{li:344,
  author =	 {X Y Li and C MacBeth and F
                  Lefeuvre and H Tabti},
  title =	 {Characterizing fractured reservoir by multicomponent
                  reflection data and {VSP}s in the Paris Basin},
  publisher =	 {SEG},
  year =	 1995,
  journal =	 {SEG Technical Program Expanded Abstracts},
  volume =	 14,
  number =	 1,
  pages =	 {344-347},
  url =		 {http://link.aip.org/link/?SGA/14/344/1},
  doi =		 {10.1190/1.1887457}
}

@article{li:2056,
  author =	 {X. Y. Li},
  title =	 {Fracture detection using {P}-{P} and {P}-{S} waves
                  in multicomponent sea-floor data},
  publisher =	 {SEG},
  year =	 1998,
  journal =	 {SEG Technical Program Expanded Abstracts},
  volume =	 17,
  number =	 1,
  pages =	 {2056-2059},
  url =		 {http://link.aip.org/link/?SGA/17/2056/1},
  doi =		 {10.1190/1.1820357}
}

@article{gaiser:873,
  author =	 {J. E. Gaiser and R. R. Van Dok},
  title =	 {Borehole calibration of PS-waves for fracture
                  characterization: Pinedale field, Wyoming},
  publisher =	 {SEG},
  year =	 2005,
  journal =	 {SEG Technical Program Expanded Abstracts},
  volume =	 24,
  number =	 1,
  pages =	 {873-876},
  url =		 {http://link.aip.org/link/?SGA/24/873/1},
  doi =		 {10.1190/1.2148298}
}

@article{knapp:776,
  author =	 {S. Knapp and N. Payne and T. Johns},
  title =	 {Imaging through gas clouds: A case history from the
                  Gulf of Mexico},
  publisher =	 {SEG},
  year =	 2001,
  journal =	 {SEG Technical Program Expanded Abstracts},
  volume =	 20,
  number =	 1,
  pages =	 {776-779},
  url =		 {http://link.aip.org/link/?SGA/20/776/1},
  doi =		 {10.1190/1.1816747}
}

@article{zhu:1283,
  author =	 {X. Zhu and S. Altan and J. Li},
  title =	 {Recent advances in multicomponent processing},
  publisher =	 {SEG},
  year =	 1999,
  journal =	 {The Leading Edge},
  volume =	 18,
  number =	 11,
  pages =	 {1283-1288},
  url =		 {http://link.aip.org/link/?LEE/18/1283/1},
  doi =		 {10.1190/1.1438200}
}

@article{Clayton.sep.27.0,
  type =	 {SEP-Report},
  organization = {SEP},
  author =	 {R. W. Clayton},
  classification ={thesis elastic {Born} variables},
  title =	 {Wavefield Inversion Methods for Refraction and
                  Reflection Data},
  year =	 1981,
  journal =	 {SEP-Report},
  volume =	 27,
  pages =	 {0--0},
  url =
                  {http://sepwww.stanford.edu/oldreports/sep27/index.html}
}

@article{Clayton.sep.27.81,
  type =	 {SEP-Report},
  organization = {SEP},
  author =	 {R. W. Clayton},
  classification ={math migration},
  title =	 {The Choice of Variables for Elastic Wave
                  Extrapolation},
  year =	 1981,
  journal =	 {SEP-Report},
  volume =	 27,
  pages =	 81
}

@article{Clayton.sep.20.73,
  type =	 {SEP-Report},
  organization = {SEP},
  author =	 {R. W. Clayton and D. Brown},
  title =	 {The Choice of Variables for Elastic Wave
                  Extrapolation},
  year =	 1979,
  journal =	 {SEP-Report},
  volume =	 20,
  pages =	 {73--96},
  url =
                  {http://sepwww.stanford.edu/oldreports/sep20/20_06.pdf}
}

@PhdThesis{Clayton.thesis,
  author =	 {R. W. Clayton},
  title =	 {Wavefield Inversion Methods for Refraction and
                  Reflection Data},
  school =	 {Stanford University},
  year =	 1981
}

@Article{Fornberg:1999,
  author = 	 {B. Fornberg and M. Ghrist},
  title = 	 {Spatial finite difference approximations for
                  wave-type equations},
  journal = 	 {Siam Journal on Numerical Analysis},
  year = 	 {1999},
  OPTkey = 	 {},
  OPTvolume = 	 {37},
  OPTnumber = 	 {1},
  OPTpages = 	 {105-130},
  OPTmonth = 	 {},
  OPTnote = 	 {},
  OPTannote = 	 {}
}

@InCollection{marmousi,
  author =	 {A. Bourgeois and M. Bourget and P. Lailly and
                  M. Poulet and P. Ricarte and R. Versteeg},
  title =	 {The {M}armousi experience},
  booktitle =	 {The Marmousi Experience, Proceedings of the 1990
                  EAEG workshop},
  pages =	 {5-16},
  publisher =    {EAGE},
  year =	 1991,
  editor =	 {R. Versteeg and G. Grau},
  series =	 {Marmousi, model and data}
}

@article{zhang:2196,
author = {H. Zhang and Y. Zhang},
collaboration = {},
title = {Reverse time migration in 3{D} heterogeneous {TTI} media},
publisher = {SEG},
year = {2008},
journal = {SEG Technical Program Expanded Abstracts},
volume = {27},
number = {1},
pages = {2196-2200},
keywords = {3D; anisotropy; azimuth; migration},
url = {http://link.aip.org/link/?SGA/27/2196/1},
doi = {10.1190/1.3059322}
}

@article{fletcher:2082,
  author =	 {R. Fletcher and X. Du and P.J. Fowler},
  title =	 {A new pseudo-acoustic wave equation for {TI} media},
  publisher =	 {SEG},
  year =	 2008,
  journal =	 {SEG Technical Program Expanded Abstracts},
  volume =	 27,
  number =	 1,
  pages =	 {2082-2086},
  keywords =	 {acoustic; anisotropy; finite difference; modeling;
                  wave equation},
  url =		 {http://link.aip.org/link/?SGA/27/2082/1},
  doi =		 {10.1190/1.3059301}
}

@PhdThesis{dellinger.thesis,
  author =	 {J. Dellinger},
  title =	 {Anisotropic Seismic Wave Propagation},
  school =	 {Stanford University},
  year =	 1991,
  month =	 {April}
}

@article{behera,
  author =	 {L. Behera and I. Tsvankin},
  title =	 {Migration velocity analysis and imaging for tilted
                  {TI} media},
  publisher =	 {EAGE},
  year =	 2009,
  journal =	 {Geophysical Prospecting},
  volume =	 57,
  pages =	 {13-26},
}

@article{isaac:1230,
  author =	 {J. H. Isaac and L. C. Lawyer},
  journal =	 {Geophysics},
  number =	 4,
  pages =	 {1230-1238},
  publisher =	 {Soc. of Expl. Geophys.},
  title =	 {Image mispositioning due to dipping {TI} media: {A}
                  physical seismic modeling study},
  volume =	 64,
  year =	 1999
}

@article{vestrum:1239,
  author =	 {R. W. Vestrum and L. C. Lawyer and R. Schmid},
  journal =	 {Geophysics},
  number =	 4,
  pages =	 {1239-1246},
  publisher =	 {Soc. of Expl. Geophys.},
  title =	 {Imaging structures below dipping {TI} media},
  volume =	 64,
  year =	 1999
}

@Article{Kieslev,
  author =	 {A. P. Kieslev and Ilya Tsvankin},
  title =	 {A method of comparison of exact and asymptotic wave
                  field computations},
  journal =	 {Geophysical Journal International},
  year =	 1989,
  volume =	 96,
  pages =	 {253-258}
}

@article{charles:VE261,
author = {S. C. and D. R. Mitchell and R. A. Holt and
                  J. Lin and J. Mathewson},
collaboration = {},
title = {Data-driven tomographic velocity analysis in tilted
                  transversely isotropic media: A 3D case history from
                  the Canadian Foothills},
publisher = {SEG},
year = {2008},
journal = {Geophysics},
volume = {73},
number = {5},
pages = {VE261-VE268},
keywords = {geophysical techniques; seismic waves; seismology; tectonics},
url = {http://link.aip.org/link/?GPY/73/VE261/1},
doi = {10.1190/1.2952915}
}



@article{thomsen:1954,
author = {L. Thomsen},
collaboration = {},
title = {Weak elastic anisotropy},
publisher = {SEG},
year = {1986},
journal = {Geophysics},
volume = {51},
number = {10},
pages = {1954-1966},
url = {http://link.aip.org/link/?GPY/51/1954/1},
doi = {10.1190/1.1442051}
}


@article{fomel:1018,
author = {S. Fomel and M. Backus and K. Fouad and B. Hardage and G. Winters},
collaboration = {},
title = {A multistep approach to multicomponent seismic image
                  registration with application to a {W}est {T}exas
                  carbonate reservoir study},
publisher = {SEG},
year = {2005},
journal = {SEG Technical Program Expanded Abstracts},
volume = {24},
number = {1},
pages = {1018-1021},
url = {http://link.aip.org/link/?SGA/24/1018/1},
doi = {10.1190/1.2147852}
}




@Article{balch1994,
  author = 	 {A. H. Balch and C. Erdemir},
  title = 	 {Sign-change correction for prestack migration of P-S
                  converted wave reflections},
  journal = 	 {Geophysical prospecting},
  year = 	 {1994},
  OPTkey = 	 {},
  OPTvolume = 	 {42},
  OPTnumber = 	 {},
  OPTpages = 	 {637-663},
  OPTmonth = 	 {},
  OPTnote = 	 {},
  OPTannote = 	 {}
}


@article{rosales:S17,
author = {D. A. Rosales and S. Fomel and B. L. Biondi and P. C. Sava},
collaboration = {},
title = {Wave-equation angle-domain common-image gathers for converted waves},
publisher = {SEG},
year = {2008},
journal = {Geophysics},
volume = {73},
number = {1},
pages = {S17-S26},
keywords = {extrapolation; geophysical signal processing; image processing; seismic waves; wave equations},
url = {http://link.aip.org/link/?GPY/73/S17/1},
doi = {10.1190/1.2821193}
}




@article{YangSava.segab.2008,
author = {T. Yang and P. Sava},
collaboration = {},
title = {Wave-equation extended images for semblance and depth focusing velocity analysis},
publisher = {SEG},
year = {2008},
journal = {SEG Technical Program Expanded Abstracts},
volume = {27},
number = {1},
pages = {2351-2355},
keywords = {acoustic; migration; velocity; wave equation},
url = {http://link.aip.org/link/?SGA/27/2351/1},
doi = {10.1190/1.3059352}
}



@article{ShenSymes.geo.2008,
author = {P. Shen and W. W. Symes},
collaboration = {},
title = {Automatic velocity analysis via shot profile migration},
publisher = {SEG},
year = {2008},
journal = {Geophysics},
volume = {73},
number = {5},
pages = {VE49-VE59},
keywords = {geophysical prospecting; geophysical signal processing; seismic waves; seismology},
url = {http://link.aip.org/link/?GPY/73/VE49/1},
doi = {10.1190/1.2972021}
}






@PhdThesis{Shen.thesis,
  author = 	 {P. Shen},
  title = 	 {Wave-equation migration velocity analysis by
                  differential semblance optimization},
  school = 	 {Rice Univeristy},
  year = 	 {2004},
  OPTkey = 	 {},
  OPTtype = 	 {},
  OPTaddress = 	 {},
  OPTmonth = 	 {},
  OPTnote = 	 {},
  OPTannote = 	 {}
}

@article{PSvelanalysisComp,
author = {A. Herrenschmidt and P. Y. Granger and
                  F. Audebert and C. G. and
                  G. Etienne and A. Stopin and M.
                  Alerini and S. Lebegat and G. Lambar\'{e}
                  and P. Berthet and S. Nebieridze and
                  J. Boelle},
collaboration = {},
title = {Comparison of different strategies for velocity model
                  building and imaging of {PP} and {PS} real data},
publisher = {SEG},
year = {2001},
journal = {The Leading Edge},
volume = {20},
number = {9},
pages = {984-995},
url = {http://link.aip.org/link/?LEE/20/984/1},
doi = {10.1190/1.1487320}
}









@article{ogiesoba:789,
author = {O. C. Ogiesoba and R. R. Stewart},
collaboration = {},
title = {Vp/{V}s from multicomponent seismic data and automatic {PS}
                  to {PP} time mapping},
publisher = {SEG},
year = {2003},
journal = {SEG Technical Program Expanded Abstracts},
volume = {22},
number = {1},
pages = {789-792},
url = {http://link.aip.org/link/?SGA/22/789/1},
doi = {10.1190/1.1818054}
}





@article{yuan:1043,
author = {J. Yuan and G. N. and A. Calvert and
                  R. Bloor},
collaboration = {},
title = {Automated {C}-wave registration by simulated annealing},
publisher = {SEG},
year = {2008},
journal = {SEG Technical Program Expanded Abstracts},
volume = {27},
number = {1},
pages = {1043-1047},
keywords = {converted wave; correlation; multicomponent; nonlinear;
                  velocity},
url = {http://link.aip.org/link/?SGA/27/1043/1},
doi = {10.1190/1.3059105}
}

@article{veire:R1,
author = {H. H. Veire and M. Landr\o},
collaboration = {},
title = {Simultaneous inversion of {PP} and {PS} seismic data},
publisher = {SEG},
year = {2006},
journal = {Geophysics},
volume = {71},
number = {3},
pages = {R1-R10},
url = {http://link.aip.org/link/?GPY/71/R1/1},
doi = {10.1190/1.2194533}
}

@article{margrave:1048,
author = {G. F. Margrave and R. R. Stewart and J. A. Larsen},
collaboration = {},
title = {Joint {PP} and {PS} seismic inversion},
publisher = {SEG},
year = {2001},
journal = {The Leading Edge},
volume = {20},
number = {9},
pages = {1048-1052},
url = {http://link.aip.org/link/?LEE/20/1048/1},
doi = {10.1190/1.1487311}
}







@article{FWI.operto,
  author = { S. Operto and J. Virieux and P. Amestoy and J.
I'excellent L. Giraud and H. Ali},
  journal = {Geophysics},
  number = {05},
  pages = {SM195-SM211},
  publisher = {Soc. of Expl. Geophys.},
  title = { 3D finite-difference frequency-domain modeling of
viscoacoustic wave propagation using a massively parallel direct
solver: A feasibility study},
  volume = {72},
  year = {2007}}

@inproceedings{DSO.2003,
  author    = {P. Shen and C. Stolk and W. Symes},
  year      = {2003},
  title     = {Automatic velocity analysis by differential semblance
optimization},
  booktitle = {Expanded Abstracts},
  meeting   = {73th Annual International Meeting, SEG},
  pages     = {2132-2135}
}

@inproceedings{DSO.2005,
  author    = {P. Shen and H. Calandra},
  year      = {2005},
  title     = {One-way waveform inversion within the framework of
adjoint state differential migration},
  booktitle = {Expanded Abstracts},
  meeting   = {75th Annual International Meeting, SEG},
  pages     = {1709-1712}
}

@article{WEMVA.Xie.2008,
  author = { X. B. Xie and H. Yang},
  journal = {Geophysics},
  number = {06},
  pages = {S241-S249},
  publisher = {Soc. of Expl. Geophys.},
  title = {The finite-frequency sensitivity kernel for migration
residual moveout and its applications in migration velocity analysis},
  volume = {73},
  year = {2008}}

@Article{Etgen.geo.review,
 author =  { J. Etgen and  S. H. Gray and Y. Zhang },
 title =   { An overview of depth imaging in exploration geophysics},
 journal = { Geophysics },
 year =    { 2009 },
 volume =  { 74 },
 pages =   { WCA5-WCA17 }
}

@Article{Virieux.geo.review,
 author =  { J. Virieux and S. Operto },
 title =   { An overview of full-waveform inversion in exploration geophysics},
 journal = { Geophysics },
 year =    { 2009 },
 volume =  { 74 },
 pages =   { WCC1-WCC26 }
}


@inproceedings{Albertin4D,
  author = {U. Albertin and P. Sava and J. Etgen and M.
Maharramov},
  year = {2006},
  title = { Adjoint wave-equation velocity analysis},
  booktitle = {Expanded Abstracts},
  meeting={74th Annual International Meeting, SEG},
  pages = {3009--3013}
}

@article{DSO.SRM,
  author = {P. Shen and W. W. Symes},
  journal = {Geophysics},
  number = {05},
  pages = {VE49-VE59},
  publisher = {Soc. of Expl. Geophys.},
  title = {Automatic velocity analysis via shot profile migration},
  volume = {73},
  year = {2008}}


@Article{SavaBiondi.gp.wemva1,
 author =  { P. Sava and B. Biondi },
 title =   { Wave-equation migration velocity analysis - {I}: {Theory} },
 journal = {Geophysical Prospecting},
 volume = {52},
 year =   {2004},
 pages =  {593--606}
}

@Article{SavaBiondi.gp.wemva2,
 author =  { P. Sava and B. Biondi },
 title =   { Wave-equation migration velocity analysis - {II}:
{Subsalt} imaging examples},
 journal = {Geophysical Prospecting},
 volume = {52},
 year =   {2004},
 pages =  {607--623}
}




@article{sava:VE145,
author = {P. Sava and I. Vlad},
collaboration = {},
title = {Numeric implementation of wave-equation migration velocity analysis operators},
publisher = {SEG},
year = {2008},
journal = {Geophysics},
volume = {73},
number = {5},
pages = {VE145-VE159},
keywords = {geophysical signal processing; geophysical techniques; seismic waves; seismology; wave equations},
url = {http://link.aip.org/link/?GPY/73/VE145/1},
doi = {10.1190/1.2953337}
}




@article{sava:S209,
author = {P. Sava and S. Fomel},
collaboration = {},
title = {Time-shift imaging condition in seismic migration},
publisher = {SEG},
year = {2006},
journal = {Geophysics},
volume = {71},
number = {6},
pages = {S209-S217},
keywords = {seismology; geophysical techniques; geophysical signal processing},
url = {http://link.aip.org/link/?GPY/71/S209/1},
doi = {10.1190/1.2338824}
}



@Article{SavaVasconcelos.gpr.2010,
  author = 	 {P. Sava and I. Vasconcelos},
  title = 	 {Extended imaging condition for wave-equation migration},
  journal = 	 {Geophysical Prospecting, in press},
  year = 	 {2010},
  OPTkey = 	 {},
  OPTvolume = 	 {},
  OPTnumber = 	 {},
  OPTpages = 	 {},
  OPTmonth = 	 {},
  OPTnote = 	 {},
  OPTannote = 	 {}
}



@article{sava:2052,
author = {P. Sava and S. Fomel},
collaboration = {},
title = {Coordinate-independent angle-gathers for wave equation migration},
publisher = {SEG},
year = {2005},
journal = {SEG Technical Program Expanded Abstracts},
volume = {24},
number = {1},
pages = {2052-2055},
url = {http://link.aip.org/link/?SGA/24/2052/1},
doi = {10.1190/1.2148114}
}


@Article{AlkhalifahSava.geo.2010,
  author = 	 {T. Alkhalifah and P. Sava},
  title = 	 {A transversely isotropic medium with a tilted
                  symmetry axis normal to the reflector},
  journal = 	 {Geophysics, in press},
  year = 	 {2010},
  OPTkey = 	 {},
  OPTvolume = 	 {},
  OPTnumber = 	 {},
  OPTpages = 	 {},
  OPTmonth = 	 {},
  OPTnote = 	 {},
  OPTannote = 	 {}
}

% elastic wavefield modeling

@article{vossen:618,
author = {R. van Vossen and J. O. A. Robertsson and C. H. Chapman},
collaboration = {},
title = {Finite-difference modeling of wave propagation in a fluid--solid configuration},
publisher = {SEG},
year = {2002},
journal = {Geophysics},
volume = {67},
number = {2},
pages = {618-624},
keywords = {seismic waves; wave propagation; inhomogeneous media; anisotropic media; finite difference methods; interface phenomena; modelling},
url = {http://link.aip.org/link/?GPY/67/618/1},
doi = {10.1190/1.1468623}
}







@article{robertsson:907,
author = {J. O. A. Robertsson and C. H. Chapman},
collaboration = {},
title = {An efficient method for calculating finite-difference seismograms after model alterations},
publisher = {SEG},
year = {2000},
journal = {Geophysics},
volume = {65},
number = {3},
pages = {907-918},
url = {http://link.aip.org/link/?GPY/65/907/1},
doi = {10.1190/1.1444787}
}







@article{robertsson:896,
author = {J. O. A. Robertsson and S. Ryan-Grigor and C. M. Sayers and C. H. Chapman},
collaboration = {},
title = {A finite-difference injection approach to modeling seismic fluid flow monitoring},
publisher = {SEG},
year = {2000},
journal = {Geophysics},
volume = {65},
number = {3},
pages = {896-906},
url = {http://link.aip.org/link/?GPY/65/896/1},
doi = {10.1190/1.1444786}
}







@article{robertsson:1848,
author = {J.O. A. Robertsson and C. H. Chapman},
collaboration = {},
title = {An efficient method for calculating finite-difference seismograms after model alterations},
publisher = {SEG},
year = {1999},
journal = {SEG Technical Program Expanded Abstracts},
volume = {18},
number = {1},
pages = {1848-1851},
url = {http://link.aip.org/link/?SGA/18/1848/1},
doi = {10.1190/1.1820903}
}







@article{robertsson:1691,
author = {J. O. A. Robertsson and S.  Ryan-Grigor and C. Sayers and C. H. Chapman},
collaboration = {},
title = {A finite-difference injection approach to modeling of seismic fluid flow monitoring},
publisher = {SEG},
year = {1999},
journal = {SEG Technical Program Expanded Abstracts},
volume = {18},
number = {1},
pages = {1691-1694},
url = {http://link.aip.org/link/?SGA/18/1691/1},
doi = {10.1190/1.1820859}
}


@InProceedings{InverseDistance,
  author = 	 {D. Shepard},
  title = 	 {A two-dimensional interpolation function for
                  irregularly-spaced data},
  meeting= {Proceedings of the 1968 ACM National Conference},
  doi={10.1145/800186.810616},
  OPTcrossref =  {},
  OPTkey = 	 {},
  OPTbooktitle = {},
  OPTpages = 	 {517–524},
  year = 	 {1968},
  OPTeditor = 	 {},
  OPTvolume = 	 {},
  OPTnumber = 	 {},
  OPTseries = 	 {},
  OPTaddress = 	 {},
  OPTmonth = 	 {},
  OPTorganization = {},
  OPTpublisher = {},
  OPTnote = 	 {},
  OPTannote = 	 {}
}

@InBook{NaturalNeighbor,
  author = 	 {R. Sibson},
  editor = 	 {V. Barnett},
  title = 	 {Interpreting Multivariate Data: A brief description of natural neighbor interpolation},
  chapter = 	 {Chapter 2},
  publisher = 	 {Chichester: John Wiley},
  year = 	 {1981},
  OPTkey = 	 {},
  OPTvolume = 	 {2},
  OPTnumber = 	 {},
  OPTseries = 	 {},
  OPTtype = 	 {},
  OPTaddress = 	 {},
  OPTedition = 	 {},
  OPTmonth = 	 {},
  OPTpages = 	 {21–36},
  OPTnote = 	 {},
  OPTannote = 	 {}
}

@TechReport{LiangHaleNaturalNeighbor,
  author = 	 {L. Liang and D. Hale},
  title = 	 {A stable and fast implementation of natural neighbor
                  interpolation},
  institution =  {Center for Wave Phenomena},
  year = 	 {2010},
  OPTkey = 	 {},
  OPTtype = 	 {},
  OPTnumber = 	 {},
  OPTaddress = 	 {},
  OPTmonth = 	 {},
  OPTnote = 	 {},
  OPTannote = 	 {}
}


@article{ursenbach:1344,
author = {C. Ursenbach and R. Bale},
collaboration = {},
title = {TTI wave-equation migration for Canadian Foothills depth imaging},
publisher = {SEG},
year = {2009},
journal = {The Leading Edge},
volume = {28},
number = {11},
pages = {1344-1351},
keywords = {geophysical prospecting; seismic waves; seismology; topography (Earth); wave equations},
url = {http://link.aip.org/link/?LEE/28/1344/1},
doi = {10.1190/1.3259613}
}







@article{bale:2295,
author = {R. A. Bale and S. H. Gray and M. Graziella},
collaboration = {},
title = {TTI wave-equation migration},
publisher = {SEG},
year = {2007},
journal = {SEG Technical Program Expanded Abstracts},
volume = {26},
number = {1},
pages = {2295-2299},
url = {http://link.aip.org/link/?SGA/26/2295/1},
doi = {10.1190/1.2792942}
}


@Misc{wikiNaturalNeighbor,
  note={\url{http://en.wikipedia.org/wiki/Natural_neighbor}  }
}



@article{zhang:D13,
author = {Qunshan Zhang and George A. McMechan},
collaboration = {},
title = {2D and 3D elastic wavefield vector decomposition in the wavenumber domain for VTI media},
publisher = {SEG},
year = {2010},
journal = {Geophysics},
volume = {75},
number = {3},
pages = {D13-D26},
keywords = {Fourier transforms; seismic waves; seismology},
url = {http://link.aip.org/link/?GPY/75/D13/1},
doi = {10.1190/1.3431045}
}



@article{curtis:372,
author = {Andrew Curtis and Anthony Lomax},
collaboration = {},
title = {Prior information, sampling distributions, and the curse of dimensionality},
publisher = {SEG},
year = {2001},
journal = {Geophysics},
volume = {66},
number = {2},
pages = {372-378},
url = {http://link.aip.org/link/?GPY/66/372/1},
doi = {10.1190/1.1444928}
}



