@inproceedings{1986_Symes_1stwemva,
   author = {W[illiam] Symes},
   year = {1986},
   title = {Stability and instability results for inverse problems in several dimensional wave propagation},
   editor = {R[] Glowinski and J[] Lions},
   booktitle = {Proceedings of the 7th International Conference on Computing Methods in Applied Science and Engineering},
   publisher = {INRIA}
}

@inproceedings{1986_Schuster_MGSS,
   author = {G[erard] T[] Schuster},
   year = {1998},
   title = {Basics of Exploration Seismology and Tomography},
   booktitle = {Stanford Mathematical Geophysics Summer School Lectures, self-published},
   publisher = {http://utam.gg.utah.edu/stanford/ch.html}
}

@inproceedings{2004_Pratt_BPsalt,
   author = {R[] G[erhard] Pratt},
   year = {2004},
   title = {Velocity models from Frequency-Domain Waveform Tomography: Past, Present and Future.},
   booktitle = {66th Conference and Exhibition of the EAGE, Paris, France},
   publisher = {EAGE}
}

@inproceedings{Albertin4D,
   author = {U[we] Albertin and P[aul] Sava and J[] Etgen and M[usa] Maharramov},
   year = {2006},
   title = { Adjoint wave-equation velocity analysis},
   booktitle = {Expanded Abstracts},
   meeting={74th Annual International Meeting, SEG},
   pages = {3009--3013}
}

@Misc{AlbertinFreq,
  author =	 {U[we] Albertin},
  title =	 {Personal communication},
  year =	 2006
}

@Article{Symes.checkpointing,
  author = 	 {W[] W[] Symes},
  title = 	 {Reverse time migration with optimal checkpointing},
  journal = 	 {Geophysics},
  year = 	 2007,
  volume =	 72,
  number =	 5,
  pages =	 {SM213-SM221}
}

@Article{SoubarasGratacos.2007,
  author = 	 {R[] Soubaras and B[] Gratacos},
  title = 	 {Velocity model building by semblance maximization of modulated-shot gathers},
  journal = 	 {Geophysics},
  year = 	 2007,
  volume =	 72,
  number =	 5,
  pages =	 {U67-U73}
}

