@Book{Cervenys ,
  author={V. {\v{C}}erven\'y},
  title={Ray tracing algorithms in three-dimensional laterally varying layered s
tructures},
  year=1987,
  booktitle={Seismic tomography},
  publisher={D. Reidel Publ. Co.}
        }

@article{Lomax,
  author={A. Lomax},
  title={The wavelength-smoothing method for approximating broad-band wave propagation through complicated velocity structures},
  year=1994,
  journal={Geophys. J. Int.},
  volume=117,
  number=2,
  pages={313-334}
        }

@article{Julian, 
  author={B. R. Julian and D. Gubbins}, 
  title={Three-dimensional seismic ray tracing},
  year=1977, 
  journal={J. Geophys.}, 
  volume=43, 
  pages={95-114}
	}

@article{Podvin,
  author={P. Podvin and I. Lecomte},
  title={Finite-difference computation of traveltimes in very contrasted velocity model: A massively parallel approach and its associated tools},
  year=1991,
  journal={Geophys. J. Int.},
  volume=105,
  pages={271-284}
        }

@article{Vinje, 
  author={V. Vinje and E. Iverson and H. Gj{\o}ystdal}, 
  title={Traveltime and amplitude estimation using wavefront construction}, 
  year=1993, 
  journal={Geophysics}, 
  volume=58, 
  number=8, 
  pages={1157-1166}
	}

@article{Dines,
  author={K. A. Dines and R. J. Lytle},
  title={Computerized geophysical tomography},
  year=1979,
  journal={Proc. IEEE},
  volume=67,
  number=7,
  pages={1065-1073}
        }

@article{Versteeg,
  author={R. J. Versteeg},
  title={Sensitivity of prestack depth migration to the velocity model},
  year=1993,
  journal={Geophysics},
  volume=58,
  number=6,
  pages={873--882}
        }

