@ARTICLE{cn,
        AUTHOR={J[] Crank and P[] Nicolson},
        YEAR=1947,
        TITLE={A Practical Method for Numerical Evaluation of
        Solutions of Partial Differential Equations of the
        Heat-Conduction Type},
        JOURNAL={Proceedings of the Cambridge Philosophical Society},
        VOLUME=43,
        PAGES={50-67}
}

@Book{pade,
  author =       {G[eorge] A[] Baker and P[eter] Graves-Morris},
  title =        {Pad\'{e} Approximants},
  publisher =    {Addison-Wesley},
  year =         1981
}


@Book{birk,
  author =       {G[arrett] Birkhoff},
  title =        {The numerical solution of elliptic equations},
  publisher =    {SIAM},
  year =         1971,
  address =      {Philadelphia}
}

@ARTICLE{kolmog,
  author  = {A[] N[] Kolmogorov},
  title   = {Sur l'interpolation et l'extrapolation des suites stationnairres},
  journal = {C.R. Acad.Sci.},
  volume  = 208,
  pages   = {2043-2045},
  year    = 1939
}


@InProceedings{mc,
  author = 	 {J[] H[] McClellan},
  title = 	 {The design of two-dimensional digital filters by transformations},
  booktitle = 	 {Proceedings},
  meeting  =     {7th Annual Princeton Conf. on Inform. Sci. and Syst.},
  year =	 1973,
  pages =	 {247-251}
}


@Article{cole,
  author = 	 {J[ames] B[] Cole},
  title = 	 {A nearly exact second-order finite-difference time-domain wave propagation algorithm on a coarse grid},
  journal = 	 {Computers in Physics},
  year = 	 1994,
  volume =	 8,
  number =	 6
}

@Book{wavelet,
  author = 	 {M[] Vetterli and J[] Kovacevic},
  title = 	 {Wavelets and Subband Coding},
  publisher = 	 {Prentice Hall},
  year = 	 1995
}

@Article{me, 
author = {S[ergey] B[orisovich] Fomel},
title = {Method of velocity continuation in the problem of seismic time migration}, 
journal = {Russian Geology and Geophysics}, 
year = {1994},
volume = {35}, 
number = {5}, 
pages = {100-111}
}

@book{Claerbout.blackwell.85,
   author = {J[on] F[] Claerbout},
   publisher = {Blackwell Scientific Publications},
   title = {{Imaging the Earth's Interior}},
   year = {1985}
}

@book{Claerbout.blackwell.92,
   author = {J[on] F[] Claerbout},
   publisher = {Blackwell Scientific Publications},
   title = {{Earth Soundings Analysis: Processing Versus Inversion}},
   year = {1992}
}

@book{Claerbout.blackwell.76,
   author = {J[on] F[] Claerbout},
   publisher = {Blackwell},
   title = {Fundamentals of Geophysical Data Processing},
   year = {1976}
}

@book{Claerbout.gem.97,
   author = {J[on] F[] Claerbout},
   publisher = {Stanford Exploration Project},
   title = {Geophysical Exploration Mapping: {Environmental} soundings image enhancement},
   year = {1997}
}
