@Book{wolberg,
  author =       {G[eorge] Wolberg},
  title =        {Digital image warping},
  publisher =    {IEEE Computer Society Press},
  year =         1990
}

@Article{keys,
  author =       {R[obert] G[] Keys},
  title =        {Cubic convolution interpolation for digital image processing
},
  journal =      {IEEE Trans. Acoust., Speech, Signal Process.},
  year =         1981,
  volume =       {ASSP-29},
  pages =        {1153-1160}
}

@book{Claerbout.blackwell.92,
   author = {J[on] F[] Claerbout},
   publisher = {Blackwell Scientific Publications},
   title = {{Earth Soundings Analysis: Processing Versus Inversion}},
   year = {1992}
}

@Article{garcia,
  author =       {A[ntonio] G[] Garcia},
  title =        {Orthogonal sampling formulas: {A} unified approach},
  journal =      {SIAM Review},
  year =         2000,
  volume =       42,
  number =       3,
  pages =        {499-512}
}

@Article{kotelnikov,
  author =       {V[] A[] Kotel'nikov},
  title =        {On the transmission capacity of ``ether'' and wire in electr
ocommunications},
  journal =      {Izd. Red. Upr. Svyazi RKKA},
  publisher =    {Moscow},
  year =         1933
}

@Article{shannon,
  author =       {C[] E[] Shannon},
  title =        {Communication in the presense of noise},
  journal =      {Proc. I.R.E.},
  year =         1949,
  volume =       37,
  pages =        {10-21}
}

@Article{kaiser,
  author =       {J[] F[] Kaiser and R[] W[] Shafer},
  title =        {On the Use of the {I0-Sinh} Window for Spectrum Analysis},
  journal =      {IEEE Trans. Acoustics, Speech and Signal Processing},
  year =         1980,
  volume =       {ASSP-28(1)},
  pages =        105
}

@Article{muir,
  author =       {A[] M[] Popovici and F[] Muir and P[] Blondel},
  title =        {Stolt redux: {A} new interpolation method},
  journal =      {Journal of Seismic Exploration},
  year =         1996,
  volume =       5,
  number =       4,
  pages =        {341-347}
}

@Book{wavelet,
  author =       {I[ngrid] Daubechies},
  title =        {Ten lectures on wavelets},
  publisher =    {SIAM},
  year =         1992,
  address =      {Philadelphia, Pennsylvania}
}

@Book{samko,
  author =       {S[] G[] Samko and A[] A[] Kilbas and O[] I[] Marichev},
  title =        {Fractional integrals and derivatives: theory and application
s},
  publisher =    {Gordon and Breach Science Publishers},
  year =         1993
}

@Article{unser1,
  author =       {M[] Unser and A[] Aldroubi and M[] Eden},
  title =        {B-Spline signal processing: {Part I -- Theory}},
  journal =      {IEEE Transactions on Signal Processing},
  year =         1993,
  volume =       41,
  month =        {February},
  pages =        {821-832}
}

@Article{unser,
  author =       {M[] Unser},
  title =        {Splines: a perfect fit for signal and image processing},
  journal =      {IEEE Signal Processing Magazine},
  year =         1999,
  volume =       16,
  number =       6,
  pages =        {22-38}
}

@InCollection{handbook,
  author =       {P[hilippe] Th{\'{e}}venaz and T[hierry] Blu and M[ichael] Un
ser},
  booktitle =    {Handbook of Medical Imaging, Processing and Analysis},
  title =        {Image Interpolation and Resampling},
  pages =        {393--420},
  publisher =    {Academic Press},
  year =         {2000}
}


@Book{deBoor,
  author =       {C[arl] de Boor},
  title =        {A practical guide to splines},
  publisher =    {Springer-Verlag},
  year =         1978
}

@incollection{mom,
author={T[] Blu and P[] Th{\'{e}}venaz and M[] Unser},
year={1998},
title={Minimum support interpolators with optimum approximation properties},
booktitle={Proc. IEEE Int. Conf. Image Processing, Chicago, IL, USA, October 4
-7},
publisher={IEEE},
pages={242-245}
}
