@BOOK{Stark.1970,
author = {P A Stark},
title = { {I}ntroduction to {N}umerical {M}ethods},
year = {1970},
publisher = {MacMillan Publishing Co., Inc.}
}
