@article{musgrave1981elastodynamic,
  title={On an elastodynamic classification of orthorhombic media},
  author={Musgrave, MJP},
  journal={Proceedings of the Royal Society of London. A. Mathematical and Physical Sciences},
  volume={374},
  number={1758},
  pages={401--429},
  year={1981},
  publisher={The Royal Society}
}

@article{crampin1981review,
  title={A review of wave motion in anisotropic and cracked elastic-media},
  author={Crampin, Stuart},
  journal={Wave motion},
  volume={3},
  number={4},
  pages={343--391},
  year={1981},
  publisher={Elsevier}
}
