@Article{juefu2004,
	author={J[] Wang and H[] Kuehl and M[] D[] Sacchi},
	title={High-resolution wave-equation {AVA} imaging: {A}lgorithm and tests with a data set from the {W}estern {C}anadian {S}edimentary {B}asin},
	journal={Geophysics},
	year=2005,
	volume=70,
	pages={S91-S99}
}

@Article{sava06,
	author={P[] Sava and S[] Fomel},
	title={Time-shift imaging condition in seismic migration},
	journal={Geophysics},
	year=2006,
	volume=71,
	pages={S209-S217}
}

@Article{sava03,
	author={P[] Sava and S[] Fomel},
	title={Angle-domain common-image gathers by wavefield continuation methods},
	journal={Geophysics},
	year=2003,
	volume=68,
	pages={1065-1074}
}

@Article{sun15,
	author={J[] Sun and S[] Fomel and L[] Ying},
	title={Lowrank one-step wave extrapolation for reverse-time migration},
	journal={Geophysics},
	year=2015,
	pages={accepted}
}

@inproceedings{prucha02,
	author={M[] L[] Prucha and B[] L[] Biondi},
	title={Subsalt event regularization with steering filters},
	booktitle={72nd Annual International Meeting, SEG, Expanded Abstracts},
	year=2002,
	pages={1176-1179}
}

@inproceedings{swindeman15,
	author={R[] Swindeman and S[] Fomel},
	title={Seismic data interpolation using plane-wave shaping regularization},
	booktitle={85th Annual International Meeting, SEG, Expanded Abstracts},
	year=2015,
	pages={3853-3858}
}

@inproceedings{xue15,
	author={Z[] Xue and H[] Zhu},
	title={Full waveform inversion with sparsity constraint in seislet domain},
	booktitle={85th Annual International Meeting, SEG, Expanded Abstracts},
	year=2015,
	pages={1382-1387}
}

@inproceedings{zeyu15,
	author={Z[] Zhao and M[] K[] Sen and P[] L[] Stoffa and H[] Zhu},
	title={Double plane wave least squares reverse time migration},
	booktitle={85th Annual International Meeting, SEG, Expanded Abstracts},
	year=2015,
	pages={4170-4174}
}

@inproceedings{junzhe15,
	author={J[] Sun and S[] Fomel and T[] Zhu},
	title={Preconditioning least-squares {RTM} in viscoacoustic media by {Q}-compensated {RTM}},
	booktitle={85th Annual International Meeting, SEG, Expanded Abstracts},
	year=2015,
	pages={3959-3965}
}

@inproceedings{jie15,
	author={J[] Hou and W[] W[] Symes},
	title={Accelerating extended least squares migration with weighted conjugate gradient iteration},
	booktitle={85th Annual International Meeting, SEG, Expanded Abstracts},
	year=2015,
	pages={4243-4248}
}

@Article{chen14,
	author={Y[] Chen and S[] Fomel and J[] Hu},
	title={Iterative deblending of simultaneous-source seismic data using seislet-domain shaping regularization},
	journal={Geophysics},
	year=2014,
	volume=79,
	pages={V179-V189}
}

@Article{biondi04,
	author={B[] Biondi and W[] W[] Symes},
	title={Angle-domain common-image gathers for migration velocity analysis by wavefield continuation imaging},
	journal={Geophysics},
	year=2004,
	volume=69,
	pages={1283-1298}
}

@inproceedings{salomons14,
	author={B[] Salomons and M[] Kiehn and J[] Sheiman and B[] Strawn and F[] Ten Kroode},
	title={High-fidelity imaging with least-squares migration},
	booktitle={76th Annual EAGE Conference and Exhibition, Extended Abstracts},
	year=2014
}

@inproceedings{stanton15,
	author={A[] Stanton and M[] Sacchi},
	title={Least squares wave equation migration of elastic data},
	booktitle={77th EAGE Conference and Exhibition, Extended Abstracts},
	year=2015
}

@inproceedings{dutta2014,
	author={G[] Dutta and Y[] Huang and W[] Dai and X[] Wang and G[] T[] Schuster},
	title={Making the most out of the least (squares migration)},
	booktitle={84th Annual International Meeting, SEG, Expanded Abstracts},
	year=2014,
	pages={4405-4410}
}

@Article{lsdmo,
	author={S[] Ronen and C[] L[] Liner},
	title={Least-squares {DMO} and migration},
	journal={Geophysics},
	year=2000,
	volume=65,
	pages={1364-1371}
}

@Article{nemeth,
	author={T[] Nemeth and C[] Wu and G[erard] T[] Schuster},
	title={Least-squares migration of incomplete reflection data},
	journal={Geophysics},
	year=1999,
	volume=64,
	pages={208-221}
}

@Article{duquet,
	author={B[] Duquet and K[] J[] Marfurt and J[] A[] Dellinger},
	title={Kirchhoff modeling, inversion for reflectivity, and subsurface illumination},
	journal={Geophysics},
	year=2000,
	volume=65,
	pages={1195-1209}
}

@Article{kuehl,
	author={H[enning] Kuehl and M[auricio] D[] Sacchi},
	title={Least-squares wave-equation migration for {AVP/AVA} inversion},
	journal={Geophysics},
	year=2003,
	volume=68,
	pages={262-273}
}

@inproceedings{paffenholz2002,
	author={J[] B[] Paffenholz and B[] McLain and J[] Zaske and P[] Keliher},
	title={Subsalt multiple attenuation and imaging: Obervations from the {Sigsbee2B} synthetic dataset},
	booktitle={72nd Annual International Meeting, SEG, Expanded Abstracts},
	year=2002,
	pages={2122-2125}
}

@inproceedings{clapp05,
	author={M[] L[] Clapp and R[] G[] Clapp and B[] L[] Biondi},
    title={Regularized least-squares inversion for 3-{D} subsalt imaging},
	booktitle={75th Annual International Meeting, SEG, Expanded Abstracts},
	year=2005,
	pages={1814-1817}
}

@Article{multi12,
	author={W[ei] Dai and P[] Fowler and G[] T[] Schuster},
	title={Multi-source least-squares reverse time migration},
	journal={Geophysical Prospecting},
	year=2012,
	volume=60,
	pages={681-695}
}

@inproceedings{yuzhang,
	author={Y[u] Zhang and L[] Duan and Y[] Xie},
	title={A stable and practical implementation of least-squares reverse time migration},
	booktitle={83rd Annual International Meeting, SEG, Expanded Abstracts},
	year=2013,
	pages={3716-3720}
}

@inproceedings{yujin,
	author={Y[] Liu and W[illiam] W[] Symes and Z[] Li},
	title={Multisource least-squares extended reverse-time migration with preconditioning guided gradient method},
	booktitle={83rd Annual International Meeting, SEG, Expanded Abstracts},
	year=2013,
	pages={3709-3715}
}
@article{yaxun07,
	author={Y[] Tang},
	title={Least-squares migration of incomplete data sets with regularization in the subsurface-offset domain},
	journal={ \textbf{SEP-125}},
	year=2006,
	pages={159-174}
}

@Article{beasley,
	author={C[] J[] Beasley},
	title={A new look at marine simultaneous sources},
	journal={The Leading Edge},
	year=2008,
	volume=27,
	pages={914-917}
}

@Article{hampson2008,
	author={G[] Hampson and J[] Stefani and F[] Herkenhoff},
	title={Acquisition using simultaneous sources},
	journal={The Leading Edge},
	year=2008,
	volume=27,
	pages={918-923}
}

@Article{berkhout,
	author={A[] J[] Berkhout},
	title={Changing the mindest in seismic data acquisition},
	journal={The Leading Edge},
	year=2008,
	volume=27,
	pages={924-938}
}

@inproceedings{yaxun09,
	author={Y[] Tang and B[] Biondi},
    title={Least-squares migration/inversion of blended data},
	booktitle={79th Annual International Meeting, SEG, Expanded Abstracts},
	year=2009,
	pages={2859-2863}
}

@inproceedings{daiwei09,
	author={W[] Dai and G[] T[] Schuster},
	title={Least-squares migration of simultaneous data with a deblurring filter},
	booktitle={79th Annual International Meeting, SEG, Expanded Abstracts},
	year=2009,
	pages={2990-2994}
}

@Article{sergeyshape1,
	author={S[] Fomel},
	title={Shaping regularization in geophysical estimation problems},
	journal={Geophysics},
	year=2007,
	volume=72,
	pages={R29-R36}
}

@Article{fomel09,
	author={S[] Fomel},
	title={Adaptive multiple subtraction using regularized nonstationary regression},
	journal={Geophysics},
	year=2009,
	volume=74,
	pages={V25-V33}
}

@inproceedings{sergeyshape2,
	author={S[] Fomel},
	title={Nonlinear shaping regularization in geophysical inverse problems},
	booktitle={78th Annual International Meeting, SEG, Expanded Abstracts},
	year=2008,
	pages={2046-2051}
}

@Article{sergeypaint,
	author={S[] Fomel},
	title={Predictive painting of 3-{D} seismic volumes},
	journal={Geophysics},
	year=2010,
	volume=75,
	pages={A25-A30}
}

@ARTICLE{liuyang,
	author={Y[] Liu and S[] Fomel and G[] Liu},
	title={Nonlinear structure-enhancing filtering using plane-wave prediction},
	journal={Geophysical Prospecting},
	year=2010,
	volume=58,
	pages={415-427}
}

@inproceedings{junzhe14,
	author = {J[unzhe] Sun and S[ergey] Fomel and J[ingwei] Hu},
	title = {One-step least-squares reverse-time migration using two-way wave extrapolation by non-stationary phase shift},
	booktitle ={84th Annual International Meeting, SEG, Expanded Abstracts},
	year=2014,
	pages={3967-3973}
}

@article{romero00,
	author={L[] A[] Romero and D[] C[] Ghiglia and C[] C[] Ober and S[] A[] Morton},
	title={Phase encoding of shot records in prestack migration},
	journal={Geophysics},
	year=2000,
	volume=65,
	pages={426-436}
}

@inproceedings{yangkang,
	author={Y[] Chen and S[] Fomel and J[] Hu},
    title={Iterative deblending of simultaneous-source seismic data using shaping regularization},
	booktitle={83rd Annual International Meeting, SEG, Expanded Abstracts},
	year=2013,
	pages={119-125}
}

@book{jon92,
   author = {J[on] F[] Claerbout},
   publisher = {Blackwell Scientific Publications},
   title = {Earth {S}oundings {A}nalysis: {P}rocessing {V}ersus {I}nversion},
   year = {1992}
}

@Article{hestenes52,
	author={M[] R[] Hestenes and E[] Stiefel},
	title={Methods of conjugate gradients for solving linear systems},
	journal={Journal of Research of the National Bureau of Standards},
	year=1952,
	volume=49,
	pages={409-436}
}

@Article{fomel2002pwd,
  author={Sergey Fomel},
  title={Application of plane-wave destruction filters},
  journal={Geophysics},
  year=2002,
  Volume=67,
  pages={1946-1960},
}
