@incollection{shurtleff,
	 author = {R[] N[] Shurtleff},
	 booktitle = {Presented at the 46th Annual EAGE Mtg., London},
	 title = {An {F-K} procedure for prestack migration and migration velocity analysis},
	 year = {1984}
	}

@incollection{landa,
	author=	{E[] Landa},
	year=	2004,
	title=	{Imaging without a velocity model using path-summation approach},
	publisher=	{Soc. of Expl. Geophys.},
	booktitle=	{74th Ann. Internat. Mtg},
	pages=	{1818-1821}
}

@incollection{crs,
	author=	{T[] Hertweck and C[] J\"{a}ger and J[] Mann and E[] Duveneck and Z[] Heilmann},
	year=	2004,
	title=	{A seismic reflection imaging workflow based on the {Common-Reflection-Surface} ({CRS}) stack: theoretical background and case study},
	publisher=	{Soc. of Expl. Geophys.},
	booktitle=	{74th Ann. Internat. Mtg},
	pages=	{2032-2035}
}

@Article{gelchinsky,
  author = 	 {E[] Landa and B[] Gurevich and S[] Keydar and P[] Trachtman},
  title = 	 {Application of multifocusing for subsurface imaging},
  journal = 	 {Applied Geophysics},
  year = 	 1999,
  volume =	 42,
  pages =	 {283-300}
}

@incollection{guitton,
	author=	{A[] Guitton and J[] Claerbout and J[] Lomask},
	year=	2004,
	title=	{First-order lateral interval velocity estimates without picking},
	publisher=	{Soc. of Expl. Geophys.},
	booktitle=	{74th Ann. Internat. Mtg},
	pages=	{2339-2342}
}

@incollection{wolf,
	author=	{K[] Wolf and D[] Rosales and A[] Guitton and J[] Claerbout},
	year=	2004,
	title=	{Robust moveout without velocity picking},
	publisher=	{Soc. of Expl. Geophys.},
	booktitle=	{74th Ann. Internat. Mtg},
	pages=	{2423-2426}
}

@Article{billette,
  author = 	 {F[] Billette and G[] Lambar\'{e}},
  title = 	 {Velocity macromodel estimation from seismic reflection data by stereotomography},
  journal = 	 {Geoph. J. Internat.},
  year = 	 1998,
  volume =	 135,
  pages =	 {671-680}
}

@Article{lambare,
  author = 	 {G[] Lambar\'{e} and M[] Alerini and R[] Baina and P[] Podvin},
  title = 	 {Stereotomography: a semi-automatic approach for velocity macromodel estimation},
  journal = 	 {Geophysical Prospecting},
  year = 	 2004,
  volume =	 52,
  pages =	 {671-681}
}

@incollection{lambare2,
	author=	{G[] Lambar\'{e} and M[] Alerini and P[] Podvin},
	year=	2004,
	title=	{Stereotomographic picking in practice},
	publisher=	{Soc. of Expl. Geophys.},
	booktitle=	{74th Ann. Internat. Mtg},
	pages=	{2343-2346}
}


@incollection{riabinkin,
	author=	{L[] A[] Riabinkin},
	editor=	{L[] Lu},
	year=	1957,
	title=	{Fundamentals of resolving power of controlled directional reception {(CDR)} of seismic waves},
	publisher=	{Soc. of Expl. Geophys. (Translated and paraphrased from \emph{Prikladnaya Geofiizika}, \textbf{16}, 3-36)},
	booktitle=	{Slant-stack processing, 1991},
	pages=	{36-60}
	}

@incollection{grechka,
title={Nonhyperbolic reflection moveout of {P} waves. {An} overview and comparison of reasons},
author={S[ergey] Fomel  and  V[ladimir] Grechka},
type={SEP-Report},
publisher={Colorado School of Mines},
year={2001},
journal={CWP-Report},
booktitle={CWP-372}
}

@Book{bei,
  author =       {J[on] F[] Claerbout},
  title =        {Basic {Earth} Imaging},
  publisher =    {Stanford Exploration Project,
\texttt{http://sepwww.stanford.edu/sep/prof/}},
  year =         2005
}

@Article{ussr,
  author = {A[lexey] A[] Malovichko},
  title = {A New Representation of the Traveltime Curve of Reflected Waves
   in Horizontally Layered Media},
  journal = {Applied Geophysics (in Russian), the translation provided by \cite{Sword.sep.51.313}},
  year = {1978},
  volume = {91},
  number = {1},
  pages = {47-53},
  annote = {in Russian}
}

@Book{yilmaz,
  author =	 {O[] Yilmaz},
  title = 	 {Seismic Data Analysis},
  publisher = 	 {Soc. of Expl. Geophys.},
  year = 	 2000
}

@incollection{taner,
	author=	{M[] T[urhan] Taner and S[ven] Treitel and M[] Al-Chalabi}, 
	year=	2005,
	title=	{A new travel time estimation method for horizontal strata},
        pages = {2273-2276},
	publisher=	{Soc. of Expl. Geophys},
	booktitle=	{75th Ann. Internat. Mtg.}
	}

@Article{pmig,
  author = 	 {S[] Fomel},
  title = 	 {Velocity-independent time-domain seismic imaging using
local event slopes},
  journal = 	 {Geophysics, accepted for publication},
  year = 	 2007
}

@incollection{seg2005,
	author=	{S[] Fomel},
	year=	2005,
	title=	{Velocity-independent time-domain seismic imaging using
local event slopes},
        pages = {2269-2272},
	publisher=	{Soc. of Expl. Geophys},
	booktitle=	{75th Ann. Internat. Mtg.}
	}

@book{Claerbout.blackwell.92,
   author = {J[on] F[] Claerbout},
   publisher = {Blackwell Scientific Publications},
   title = {{Earth Soundings Analysis: Processing Versus Inversion}},
   year = {1992}
}

@Article{shape,
  author = 	 {S[] Fomel},
  title = 	 {Shaping regularization in geophysical estimation problems},
  journal = 	 {Geophysics, accepted for publication},
  year = 	 2007
}

@incollection{huub,
	author=	{H[] Douma and M[] de~Hoop},
	year=	2006,
	title=	{Leading-order seismic imaging using curvelets},
        pages = {accepted},
	publisher=	{Soc. of Expl. Geophys},
	booktitle=	{76th Ann. Internat. Mtg.}
	}

@Book{dmo,
  author =	 {D[] Hale},
  title = 	 {{DMO} processing},
  publisher = 	 {Soc. of Expl. Geophys.},
  year = 	 1995
}

@PhdThesis{huub2,
  author = 	 {H[] Douma},
  title = 	 {A hybrid formulation of map migration and wave-equation-based migration using curvelets},
  school = 	 {Colorado School of Mines},
  year = 	 2006
}

