@Article{fletcher,
  author = 	 {R[] Fletcher and C[] M[] Reeves},
  title = 	 {Function minimization by conjugate gradients},
  journal = 	 {Computer Journal},
  year = 	 1964,
  volume =	 7,
  pages =	 {149-154}
}

@Book{gill,
  author = 	 {P[hilip] E[] Gill and W[alter] Murray and M[argaret]
		  H[] Wright},
  title = 	 {Practical Optimization},
  publisher = 	 {Academic Press},
  year = 	 1995
}

@Article{herman,
  author = 	 {A[gur] G[] J[] Sevink and Gerard C[] Herman},
  title = 	 {Fast iterative solution of sparsely sampled seismic
		  inverse problems},
  journal = 	 {Inverse Problems},
  year = 	 1994,
  volume =	 10,
  pages =	 {937-948}
}

@Article{hestenes,
  author = 	 {M[] R[] Hestenes and E[] Stiefel},
  title = 	 {Methods of conjugate gradients for solving linear systems},
  journal = 	 {J. Res. NBS},
  year = 	 1952,
  volume =	 49,
  pages =	 {409-436}
}

@Article{kleinman,
  author = 	 {R[] E[] Kleinman and P[] M[] van den Berg},
  title = 	 {Iterative methods for solving integral equations},
  journal = 	 {Radio Science},
  year = 	 1991,
  volume =	 26,
  pages =	 {175-181}
}

@book{Claerbout.bei.95,
   author = {J[on] F[] Claerbout},
   publisher = {Stanford Exploration Project},
   title = {{Basic Earth Imaging}},
   year = {1995}
}

@Book{iee,
  author =       {J[on] Claerbout},
  title =        {Image estimation by example: {G}eophysical soundings image construction: {M}ultidimensional autoregression},
  publisher =    {Stanford Exploration Project},
  year =         {2003},
  address =      {http://sepwww.stanford.edu/sep/prof/}
}

@book{Claerbout.blackwell.92,
author = {J[on] F[] Claerbout},
publisher = {Blackwell Scientific Publications},
title = {{Earth Soundings Analysis: Processing Versus Inversion}},
year = {1992}
}

