@Article{cise,
  author = 	 {S. Fomel and J. F. Claerbout},
  title = 	 {Guest Editors' Introduction: {Reproducible Research}},
  journal = 	 {Computing in Science and Engineering},
  year = 	 2009,
  volume = 	 11,
  number = 	 1,
  pages = 	 {5-7}}

@InProceedings{scons,
  author = 	 {S. Fomel and G. Hennenfent},
  title = 	 {Reproducible computational
  experiments using {SCons}},
  booktitle = {32nd International Conference on Acoustics,
  Speech, and Signal Processing (ICASSP)},
  pages = 	 {IV/1257-1260},
  year = 	 2007}

@incollection{Claerbout.sep.67.139,
         type={SEP-Report},
         publisher={Stanford Exploration Project},
         author={J[on] F[] Claerbout},
         classification={computer},
         title={ Active Documents and Reproducible Results},
         year={1990},
         journal={SEP-Report},
         booktitle={SEP-67},
         pages={139--144},
         comment=""
        }

@incollection{Schwab.sep.89.217,
title={Reproducible research documents using {GNUmake}},
author={M[atthias] Schwab  and  J[oel] Schroeder},
pages={217--226},
type={SEP-Report},
publisher={Stanford Exploration Project},
year={1995},
journal={SEP-Report},
booktitle={SEP-89},
keywords={noise(221), amplitudes(88), graphics(68) },
web={http://sepwww.stanford.edu/public/docs/sep89/matt1/paper_html/index.html,http://sepwww.stanford.edu/public/docs/sep89/matt1.ps.gz,http://sepwww.stanford.edu/public/docs/sep89/matt1.tar.gz}}

@incollection{Fomel.sep.94.matt3,
title={Empowering {SEP's} documents},
author={S[ergey] Fomel and  M[atthias] Schwab and  J[oel] Schroeder},
pages={339--361},
type={SEP-Report},
publisher={Stanford Exploration Project},
year={1997},
journal={SEP-Report},
booktitle={SEP-94},
web={http://sepwww.stanford.edu/public/docs/sep94/matt3/paper_html/index.html,http://sepwww.stanford.edu/public/docs/sep94/matt3.ps.gz,http://sepwww.stanford.edu/public/docs/sep94/matt3.tar.gz},
keywords={noise(221), amplitudes(88), graphics(68) }}

@incollection{Claerbout.sep.84.391,
title={ {CD-ROM} versus {The Web} },
author={J[on] Claerbout  and  M[atthias] Schwab},
pages={391--394},
type={SEP-Report},
publisher={Stanford Exploration Project},
year={1995},
journal={SEP-Report},
booktitle={SEP-84},
keywords={noise(221), amplitudes(88), graphics(68) },
web={http://sepwww.stanford.edu/public/docs/sep84/jon1/paper_html/index.html,http://sepwww.stanford.edu/public/docs/sep84/jon1.ps.gz,http://sepwww.stanford.edu/public/docs/sep84/jon1.tar.gz}}

@Book{pvi,
   author = {J[on] F[] Claerbout},
   publisher = {Blackwell Scientific Publications},
   title = {Earth Soundings Analysis: {Processing} Versus Inversion},
   year = {1992}
}
