@INPROCEEDINGS{bp2004,
  author = {F[] J[] Billette and S[] Brandsberg-Dahl},
  title = {The 2004 {BP} velocity benchmark},
  booktitle = {67th Annual EAGE Meeting, EAGE, Expanded Abstracts},
  year = {2005},
  pages = {B305}
}