@ARTICLE{reshef,
  author = {M[] Reshef and E[] Landa},
  title = {Post-stack velocity analysis in the dip angle domain using diffractions},
  journal = {Geophysical Prospecting},
  year = {2009},
  volume = {57},
  pages = {811-821},
}

@ARTICLE{fomel1,
  author = {S[] Fomel},
  title = {Applications of Plane Wave Destruction Filters},
  journal = {Geophysics},
  year = {2002},
  volume = {67},
  issue = {6},
  pages = {1946-1960},
}

@ARTICLE{klokov,
  author = {A[] Klokov and S[] Fomel},
  title = {Separation and imaging of seismic diffractions using migrated dip-angle gathers},
  journal = {Geophysics},
  year = {2012},
  volume = {77},
  pages = {S131-S143},
}

@ARTICLE{harl,
  author = {W[] Harlan and J[] Claerbaut and F[] Rocca},
  title = {Signal to noise separation and velocity estimation},
  journal = {Geophysics},
  volume = {49},
  issue = {11},
  year = {1984},
  pages = {1869-1880},
}



@ARTICLE{khadi,
  author = {V[] Khaidukov and E[] Landa and T.J[] Moser},
  title = {Diffraction imaging by focusing-defocusing: an outlook on seismic super resolution},
  journal = {Geophysics},
  year = {2004},
  volume = {56},
  pages = {1478-1490},
}

@ARTICLE{moser,
  author = {T.J[] Moser and C.B[] How\-ard},
  title = {Diffraction imaging in depth},
  journal = {Geophysical Prospecting},
  volume = {56},
  year = {2008},
  pages = {1365-2478},
}

@ARTICLE{klem,
  author = {K[] Klem-Mus\-atov},
  title = {Theory of seismic diffractions},
  journal = {SEG},
  year = {1994},
}

@ARTICLE{claer,
  author = {J[] F[] Claerbout},
  title = {Earth sounding analysis: Processing versus inversion},
  journal = {Blackwell Scientific Publications, Inc},
  year = {1992},
}

@ARTICLE{audebert,
  author = {F[] Audebert and P[] Froidevaux and H[] Rakotoarisoa and J[] Svay-Lucas},
  title = {Insights into migration in the angle domain},
  journal = {72nd Annual International Meeting, SEG, Expanded Abstracts},
  year = {2002},
  pages = {1188-1191},
}



@ARTICLE{symes,
  author = {W[]W[] Symes and J.J[] Carazzone},
  title = {Velocity inversion by differential semblance optimization},
  journal = {Geophysics},
  year = {1991},
  volume = {56},
  pages = {654-663},
}

@ARTICLE{landa,
  author = {E[] Landa and S[] Fomel and M[] Reshef},
  title = {Separation, imaging, and velocity analysis of seismic diffractions using migrated dip-angle gathers},
  journal = {78th Annual International Meeting, SEG, Expanded Abstracts},
  year = {2008},
  pages = {2176-2180},
}

@ARTICLE{fomel2,
  author = {S[] Fomel and E[] Landa and M[] T[] Taner},
  title = {Poststack velocity analysis by separation and imaging of seismic diffractions},
  journal = {Geophysics},
  year = {2007},
  volume = {72},
  issue = {6},
  pages = {U89-U94},
}

@ARTICLE{liu,
  author = {Y[] Liu and S[] Fomel and L[] Guochang},
  title = {Nonlinear structure-enhancing filtering using plane-wave prediction},
  journal = {Geophysical Prospecting},
  year = {2010},
  volume = {58},
  pages = {415-427},
}

@ARTICLE{xu,
  author = {S[] Xu and H[] Chauris and G[] Lambare and M[] Noble},
  title = {Common-angle migration: A strategy for imaging complex media},
  journal = {Geophysics},
  year = {2001},
  volume = {66},
  pages = {1877-1894},
}

@ARTICLE{brand,
  author = {S[] Brandsberg-Dahl and M[] V[] de Hoop and B[] Ursin},
  title = {Focusing in dip and {AVA} compensation on scattering-angle azimuth common image gathers},
  journal = {Geophysics},
  year = {2003},
  volume = {68},
  pages = {232-254},
}

@ARTICLE{sava,
  author = {P[] Sava and S[] Fomel},
  title = {Angle-domain common-image gathers by wavefield continuation methods},
  journal = {Geophysics},
  year = {2003},
  volume = {68},
  pages = {1065–1074},
}

@ARTICLE{koz,
  author = {E[] Kozlov and N[] Baransky and E[] Korolev and A[] Antonenko and E[] Koshchuck},
  title = {Imaging scattering objects masked by specular reflections},
  journal = {74th Annual International Meeting, SEG, Expanded Abstracts},
  year = {2004},
  pages = {1131-1134},
}

@ARTICLE{al,
  author = {S[] Al-Hadab},
  title = {Diffraction imaging of sediment drifts in {C}antebury {B}asin},
  journal = {M.S. Thesis, The University of Texas at Austin},
  year = {2012},
}


@ARTICLE{koren,
  author = {Z[] Koren and I[] Ravve},
  title = {Full-azimuth subsurface angle domain wavefield decomposition and imaging {P}art {I}: {D}irectional and reflection image gathers},
  journal = {Geophysics},
  volume = {76},
  issue = {1},
  year = {2011},
  pages = {S1-S13},
}

@ARTICLE{tanner,
  author = {M[] T[] Taner and S[] Fomel and E[] Landa},
  title = {Prestack separation of seismic diffractions using plane-wave decomposition},
  journal = {76th Annual International Meeting, SEG, Expanded Abstracts},
  year = {2006},
  pages = {2401-2404},
}

@ARTICLE{bash,
  author = {V[] Bashkardin and T[] J[] Browaeys and S[] Fomel and F[] Gao and S[] A[] Mo},
  title = {Phase-space computation of multi-arrival traveltimes: {P}art {II} {–} {I}mplementation and applicat ion to angle-domain imaging},
  journal = {SEG Technical Program Expanded Abstracts},
  volume = {684},
  year = {2012},
  pages = {1-6},
}

@ARTICLE{klokov1,
  author = {A[] Klokov and S[] Fomel},
  title = {Seismic diffraction imaging, one dip at a time},
  journal = {SEG Technical Program Expanded Abstracts},
  year = {2013},
  pages = {3697-3702},
}
@ARTICLE{klokov2,
  author = {A[] Klokov and R[] Baina and E[] Landa and P[] Thore and I[] Tarrass},
  title = {Diffraction imaging for fracture detection: synthetic case study},
  journal = {SEG Technical Program Expanded Abstracts},
  year = {2010},
  pages = {3354-3358},
}
@ARTICLE{klokov3,
  author = {A[] Klokov and S[] Fomel},
  title = {Selecting an optimal aperture in {K}irchhoff migration using dip-angle gathers},
  journal = {Geophysics},
  year = {2013},
  volume = {76},
  issue = {6},
  pages = {S243-S254},
}
@ARTICLE{klokov4,
  author = {A[] Klokov and S[] Fomel},
  title = {Seismic diffraction imaging, one migration dip at a time},
  journal = {SEG Technical Program Expanded Abstracts},
  year = {2013},
  pages = {3697-3702},
}
@ARTICLE{neidell,
  author = {N[] S[] Neidell},
  title = {Perceptions in seismic imaging, {P}art 2: Reflective and diffractive contributions to seismic imaging},
  journal = {The Leading Edge},
  year = {1997},
  volume = {16},
  issue = {9},
  pages = {1121-1123},
}
@ARTICLE{decker,
  author = {L[] Decker and A[] Klokov and S[] Fomel},
  title = {Comparison of seismic diffraction imaging techniques: Plane wave destruction versus apex destruction},
  journal = {SEG Technical Program Expanded Abstracts},
  year = {2013},
  pages = {4054-4059},
}
@ARTICLE{xu,
  author = {S[] Xu and H[] Chauris and G[] Lambare and M[] Noble},
  title = {Common-angle migration: {A} strategy for imaging complex media},
  journal = {Geophysics},
  year = {2013},
  volume = {66},
  pages = {1877-1894},
}
@BOOK{cler2005,
  author =      {J[] F[] Claerbout},
  title =       {Basic {E}arth {I}maging},
  publisher =   {Stanford Exploration Project},
  year =        2005,
}
@ARTICLE{landa1987,
  author = {E[] Landa and V[] Shtivelman and B[] Gelchinsky},
  title = {A method for detection of diffracted waves on common-offset sections},
  journal = {Geophysical Prospecting},
  year = {1987},
  volume = {34},
  pages = {359-373},
}
@ARTICLE{kanasewich,
  author = {E[] R[] Kanasewich and S[] M Phadke},
  title = {Imaging discontinuities on seismic sections},
  journal = {Geophysics},
  year = {1988},
  volume = {53},
  issue = {3},
  pages = {334-345},
}
@ARTICLE{landa1998,
  author = {E[] Landa and S[] Keydar},
  title = {Seismic monitoring of diffraction images for detection of local hetorogeneities},
  journal = {Geophysics},
  year = {1998},
  volume = {63},
  pages = {1096-1100},
}

@ARTICLE{fomel2013,
  author = {S[] Fomel and L[] Ying and X[] Song},
  title = {Seismic wave extrapolation using lowrank symbol approximation},
  journal = {Geophysical Prospecting},
  year = {2013},
  volume = {61},
  pages = {526-536},
}

@ARTICLE{zhang2009,
  author = {Y[] Zhang and J[] Sun},
  title = {Practical issues in reverse time migration: true amplitude gathers, noise removal and harmonic source encoding},
  journal = {First Break},
  year = {2009},
  volume = {26},
  pages = {29-35},
}

@ARTICLE{gazdag1984,
  author = {J[] Gazdag and P[] Sguazzero},
  title = {Migration of seismic data by phase-shift plus interpolation},
  journal = {Geophysics},
  year = {1984},
  volume = {49},
  pages = {124-131},
}

@ARTICLE{kessinger1992,
  author = {W[] Kessinger},
  title = {Extended split-step {F}ourier migration},
  journal = {62nd Annual International Meeting, SEG, Expanded Abstracts},
  year = {1992},
  pages = {917-920},
}

@ARTICLE{madagascar,
  author = {S[] Fomel and P[] Sava and I[] Vlad and Y[] Liu and V[] Bashkardin},
  title = {Madagascar: open-source software project for multidimensional data analysis and reproducible computational research},
  journal = {Journal of Open Research Software},
  volume = {1},
  year = {2013},
  pages = {e8},
}

@ARTICLE{savartm,
  author = {P[] Sava},
  title = {Stereographic imaging condition for wave-equation migration},
  journal = {Geophysics},
  year = {2007},
  volume = {72},
  issue = {6},
  pages = {A87-A91},
}

@ARTICLE{decker2014,
  author = {L[] Decker and A[] Klokov},
  title = {Diffraction extraction by plane-wave destruction of partial images},
  journal = {SEG Technical Program Expanded Abstracts},
  year = {2014},
  pages = {Accepted},
}

@ARTICLE{li,
  author = {Y[] Langdong and X[] Zheng},
  title = {Spectral decomposition using {W}igner-{V}ille distribution with applications to carbonate reservoir geometry},
  journal = {The Leading Edge},
  year = {2008},
  volume = {27},
  issue = {8},
  pages = {1050-1057},
}

@ARTICLE{van,
  author = {T[] Vanario and C[] Scotellard and G[] Mavko},
  title = {The effect of chemical and physical processes on the acoustic properties of carbonate rocks},
  journal = {The Leading Edge},
  year = {2008},
  volume = {27},
  issue = {8},
  pages = {1040-1048},
}

@ARTICLE{ras,
  author = {R[] Rasolofosaon and N[] Lucet and B[] Zinszner},
  title = {Petroacoustics of carbonate reservoir rocks},
  journal = {The Leading Edge},
  year = {2008},
  volume = {27},
  issue = {8},
  pages = {1034-1039},
}

@ARTICLE{lud,
  author = {L[] Adam and M[] Batzle},
  title = {Elastic properties of carbonates from laboratory measurements at seismic and ultrasonic frequencies},
  journal = {The Leading Edge},
  year = {2008},
  volume = {27},
  issue = {8},
  pages = {1026-1032},
}



@ARTICLE{sayers,
  author = {C.M[] Sayers},
  title = {The elastic properties of carbonates},
  journal = {The Leading Edge},
  year = {2008},
  volume = {27},
  issue = {8},
  pages = {1020-1024},
}

@ARTICLE{bae,
  author = {G.T[] Baechle and A[] Colpaert and G.P[] Eberli and R.J[] Weger},
  title = {Effects of microporosity on sonic velocity in carbonate rocks},
  journal = {The Leading Edge},
  year = {2008},
  volume = {27},
  issue = {8},
  pages = {1012-1018},
}


@ARTICLE{intro,
  author = {C[] Sayers and R[] Latimer},
  title = {An introduction to this special section: {C}arbonates},
  journal = {The Leading Edge},
  year = {2008},
  volume = {27},
  issue = {8},
  pages = {1010-1011},
}


@INCOLLECTION{overview,
  author = {I[] Palaz and K[] J[] Marfurt},
  title = {Chapter 1: {C}arbonate {S}eismology: an overview},
  year = {1997},
  booktitle = {Carbonate Seismology},
  series = {SEG Geophysical Developments},
  volume = {6},
  pages = {1-7},
  publisher = {I. Palaz and K. J. Marfurt, ed.},
}

@ARTICLE{zeng,
  author = {H[] Zeng and R[] Loucks and X[] Janson and G[] Wang and Y[] Xia and B[] Yuan and L[] Xu},
  title = {Three-dimensional seismic geomorphology and analysis of the {O}rdovician paleokarst drainage system in the central {T}abei {U}plift, northern {T}arim {B}asin, western {C}hina},
  journal = {AAPG Bulletin},
  year = {2011},
  volume = {95},
  issue = {12},
  pages = {2061-2083},
}

@ARTICLE{zeng2,
  author = {H[] Zeng and G[] Wang and X[] Janson and R[] Loucks and Y[] Xu and B[] Yuan},
  title = {Case {H}istory {C}haracterizing seismic bright spots in deeply buried, {O}rdovician {P}aleokarst strata, {C}entral {T}abei uplift, {T}arim {B}asin,  {W}estern {C}hina},
  journal = {Geophysics},
  year = {2011},
  volume = {76},
  issue = {4},
  pages = {B127-B137},
}

@ARTICLE{font,
  author = {J[] M[] Fontaine and R[] Cussey and J[] Lacaze and R[] Lanaud and L[] Yapaudjian},
  title = {Seismic interpretation of carbonate depositional environments},
  journal = {AAPG Bulletin},
  year = {1987},
  volume = {71},
  pages = {281-297},
}

@ARTICLE{eberli,
  author = {G[] P[] Eberli and G[] T[] Baechle and F[] S[] Anselmetti and M[] L[] Incze},
  title = {Factors contrillong elastic properties in carbonate sediments and rocks},
  journal = {The Leading Edge},
  year = {2003},
  volume = {22},
  pages = {654-660},
}

@ARTICLE{janson2010,
  author = {X[] Janson and H[] Zeng and B[] Loucks and A[] John and Y[] G[] Jackson and Q[] Wang and C[] Wang},
  title = {An {U}ltra-{D}eep {P}aleokarst {S}ystem In the {O}rdovician {N}orth-{C}entral {T}arim {B}asin {C}hina: {O}utcrop {A}nalog {A}nd {S}ynthetic {S}eismic {M}odels},
  journal = {80th Annual International Meeting, SEG, Expanded Abstracts},
  year = {2010},
}


@INCOLLECTION{janson2013,
  author = {X[] Janson and F[] J[] Lucia and J[] A[] Bellian and A[] A[] AbuBshai and R[] K[] Al-Dukhayyail and Mueller III, H[] W[]  and D[] Cantrell},
  title = {Chapter 12: {O}utcrop-based 3D geological and reservoir model of the uppermost {K}huff {F}ormation in central {S}audi {A}rabia},
  year = {2013},
  booktitle = {Permo-Triassic Sequence of the Arabian Plate},
  series = {EAGE Special Publication},
  pages = {269-302},
  publisher = {P\"{o}pelreiter, M., ed.},
}

@ARTICLE{mueller,
  author = {Mueller III, H[] W[] and X[] Janson},
  title = {Forward seismic modeling of {K}huff-equivalent outcrops, central {S}audi {A}rabia},
  journal = {GeoArabia (Manama)},
  year = {2008},
  volume = {13.1},
  pages = {209},
}

@ARTICLE{baechle,
  author = {G[] T[] Baechle and R[] J[] Weger and G[] P[] Eberli and J[] L[] Mossaferro and Y[] F[] Sun},
  title = {Changes of shear moduli in carbonate rocks: Implications for Gassmann applicability},
  journal = {The Leading Edge},
  year = {2005},
  volume = {24},
  pages = {507-510},
}


@INCOLLECTION{eberli2004,
  author = {G[] P[] Eberli and J[] L[] Massaferro and J[] F[] Sarg},
  title = {Introduction; {S}eismic imaging of carbonate reservoirs and systems},
  year = {2004},
  booktitle = {Seismic Imaging of Carbonate Reservoirs and Systems},
  series = {AAPG Memoir: Tulsa, American Association of Petroleum Geologists},
  pages = {1-9},
  publisher = {Eberli, G.P., Massaferro, J.L., and Sarg, J.F., eds.},
}

@INCOLLECTION{janson2011,
  author = {X[] Janson and S[] B[] Fomel},
  title = {3-{D} forward seismic model of an outcrop-based geocellular model},
  year = {2011},
  booktitle = {Outcrops revitalized: tools, techniques and applications},
  series = {SEPM Concepts in Sedimentology and Paleontology},
  pages = {87-106},
  volume = {10},
  publisher = {Martinsen, O., Pulham, A.J., Haughton, P.D.W., and Sullivan, M.D. eds},
}

@INCOLLECTION{wang97,
  author = {Z[] Wang},
  title = {Seismic properties of carbonate rocks},
  year = {1997},
  booktitle = {Carbonate Seismology},
  series = {SEG Geophysical Developments},
  volume = {6},
  pages = {29-52},
  publisher = {I. Palaz and K. J. Marfurt, ed.},
}

@ARTICLE{weger2009,
  author = {R[] Weger and G[] P[] Eberli and G[] Baechle and J[] L[] Masaferro and Y[] F[] Sun},
  title = {Quantification of pore structure and its effect on sonic velocity and permeability in carbonates},
  journal = {The Leading Edge},
  year = {2009},
  volume = {93},
  pages = {1297-1317},
}

@BOOK{lucia,
  author =      {F[] J[] Lucia},
  title =       {Carbonate {R}eservoir {C}aracterization: {A}n {I}ntegrated {A}pproach},
  publisher =   {Springer},
  year =        {1999},
}


