@Article{baysal,
  author = 	 {E[dip] Baysal and D[an] D[] Kosloff and J[ohn] W[] C[] Sherwood},
  title = 	 {Reverse time migration},
  journal = {Geophysics},
  year = 	 1983,
  volume =	 48,
  pages =	 {1514-1524}
}
@Article{cerjan,
  author = 	 {C[] Cerjan and D[] Kosloff and R[] Kosloff and M[] Reshef},
  title = 	 {A Nonreflecting boundary condition for discrete acoustic and elastic wave equations},
  journal = {Geophysics},
  year = 	 1985,
  volume =	 50,
  pages =	 {705-708}
}
@Article{thomsen,
  author = 	 {L[] Thomsen},
  title = 	 {Weak elastic anisotropy},
  journal = {Geophysics},
  year = 	 1986,
  volume =	 51,
  pages =	 {1954-1966}
}
@Article{fletcher,
  author = 	 {R[] P[] Fletcher and X[] Du and P[] J[] Fowler},
  title = 	 {Reverse time migration in tilted transversely isotropic ({TTI}) media},
  journal = {Geophysics},
  year = 	 2009,
  volume =	 74,
  pages =	 {WCA179-WCA187}
}
@ARTICLE{sym,
  author = {W[] W[] Symes},
  title = {Reverse time migration with optimal checkpointing},
  journal = {Geophysics},
  year = {2007},
  volume = {72},
  number = {5},
  publisher = {SEG},
  pages = {SM213-SM221}
}
@Article{levin,
  author = 	 {S[tewart] A[] Levin},
  title = 	 {Principle of reverse time migration},
  journal = 	 {Geophysics},
  year = 	 1984,
  volume =	 49,
  pages =	 {581-583}
}
@INPROCEEDINGS{etgen,
  author = {J[] Etgen and S[] Brandsberg-Dahl},
  title = {The pseudo-analytical method: application of {pseudo-Laplacians} to acoustic and acoustic anisotropic wave propagation},
  booktitle = {79nd Annual International Meeting, SEG, Expanded Abstracts},
  year = {2009},
  pages = {2552-2556}
}

@inproceedings{yu,
  author =	 {R[] Soubaras and Y[] Zhang},
  title = 	 {Two-step explicit marching method for reverse time migration},
  booktitle =    {78th Ann. Internat. Mtg.},
  year = 	 {2008},
  publisher =    {Soc. Expl. Geophys.},
  pages =        {2272-2276}
}
@Article{McMechan,
  author = 	 {G[] A[]  McMechan},
  title = 	 {Migration by extrapolation of time-dependent boundary values},
  journal = 	 {Geophys. Prosp.},
  year = 	 1983,
  volume =	 31,
  pages =	 {413-420}
}
@ARTICLE{Wu,
AUTHOR = {W[] Wu and L[arry] R[] Lines and H[] Lu},
TITLE = {Analysis of high-order, finite-difference schemes in 3-{D} reverse-time migration},
YEAR = 1996,
journal = {Geophysics},
volume = {61},
pages = {845-856}
}

@inproceedings{whitmore,
  AUTHOR = {N[] D[] Whitmore},
  TITLE = {Iterative depth migration by backward time propagation},
  booktitle =    {53rd Ann. Internat. Mtg.},
  year = 	 {1983},
  publisher =    {Soc. Expl. Geophys.},
  pages =        {382-385}
}

@inproceedings{biondi,
  AUTHOR = {B[] Biondi and G[] Shan},
  TITLE = {Prestack imaging of overturned reflection by reverse time migration},
  booktitle =    {72nd Ann. Internat. Mtg.},
  year = 	 {2002},
  publisher =    {Soc. Expl. Geophys.},
  pages =        {1284-1287}
}

@ARTICLE{sandip,
  author = {S[] Chattopadhyay and G[] A[] McMechan},
  title = {Imaging conditions for prestack reverse-time migration},
  journal = {Geophysics},
  year = {2008},
  volume = {73},
  number = {3},
  publisher = {SEG},
  pages = {S81-S89}
}
@ARTICLE{pseudo,
  author = {M[] Reshef and D[] Kosloff and M[] Edwards and C[] Hsiung},
  title = {Three-dimensional acoustic modeling by the {F}ourier method},
  journal = {Geophysics},
  year = {1988},
  volume = {53},
  publisher = {SEG},
  pages = {1175-1183}
}

@inproceedings{stoffa2,
   author = {P[] L[] Stoffa and R[] C[] Pestana},
   booktitle = {79th Ann. Internat. Mtg},
   publisher = {Soc. of Expl. Geophys.},
   title = {Numerical solution of the acoustic wave equation by the rapid expansion method ({REM}) - A one step time evolution algorithm},
   year = {2009},
   pages = {2672-2676}
}
@inproceedings{yoon,
  AUTHOR = {K[] Yoon and K[] J[] Marfurt and W[] Starr},
  TITLE = {Challenges in reverse-time migration},
  booktitle =    {74th Ann. Internat. Mtg.},
  year = 	 {2004},
  publisher =    {Soc. Expl. Geophys.},
  pages =        {1057-1061}
}

@ARTICLE{guitton,
AUTHOR = {A[] Guitton and B[] Kaelin and B[] Biondi},
TITLE = {Least-squares attenuation of reverse-time migration artifacts},
YEAR = 2007,
journal = {Geophysics},
volume = {72},
pages = {S19-S23}
}

@Article{true,
  author = 	 {Y[] Zhang and G[] Zhang and N[] Bleistein},
  title = 	 {Theory of true-amplitude one-way wave equations and true-amplitude common-shot migration},
  journal = 	 {Geophysics},
  year = 	 2005,
  volume =	 70,
  pages =	 {E1-E10}
}
@ARTICLE{gary,
AUTHOR = {G[] F[] Margrave and R[] J[] Ferguson},
TITLE = {Wavefield extrapolation by nonstationary phase shift},
YEAR = 1999,
journal = {Geophysics},
volume = {64},
pages = {1067-1078}
}
@Article{ffd,
  author =       {D[] Ristow and T[] Ruhl},
  title =        {Fourier finite-difference migration},
  journal =      {Geophysics},
  year =         1994,
  volume =       59,
  pages =        {1882-1893}
}
@Article{anelliptic,
  author =       {S[] Fomel},
  title =        {On anelliptic approximations for q{P} velocities in {VTI} media},
  journal =      {Geophysical Prospecting},
  year =         2004,
  volume =       52,
  pages =        {247-259}
}
@INPROCEEDINGS{bp,
  author = {F[] J[] Billette and S[] Brandsberg-Dahl}, 
  title = {The 2004 {BP} velocity benchmark},
  booktitle = {67th Annual EAGE Meeting, EAGE, Expanded Abstracts},
  year = {2004},
  pages = {B305}
}
@Article{alkhalifah,
  author =       {T[] Alkhalifah and I[] Tsvankin},
  title =        {Velocity analysis for transversely isotropic media},
  journal =      {Geophysics},
  year =         1995,
  volume =       60,
  pages =        {1550-1566}
}
@Article{alkhalifah1,
  author =       {T[] Alkhalifah},
  title =        {Acoustic approximations for processing in transversely isotropic media},
  journal =      {Geophysics},
  year =         1998,
  volume =       63,
  pages =        {623-631}
}
@Article{alkhalifah2,
  author =       {T[] Alkhalifah},
  title =        {Acoustic approximations for processing in transversely isotropic media},
  journal =      {Geophysics},
  year =         2000,
  volume =       65,
  pages =        {1239-1250}
}
@inproceedings{zhang2,
  AUTHOR = {H[] Zhang and G[] Zhang and Y[] Zhang},
  TITLE = {Removing {S}-wave noise in {TTI} reverse time migration},
  booktitle =    {79th Ann. Internat. Mtg.},
  year = 	 {2009},
  publisher =    {Soc. Expl. Geophys.},
  pages =        {2849-2853}
}
@Article{liu,
  author =       {Y[] Liu and M[] K[] Sen},
  title =        {A new time-space domain high-order finite-difference method for the acoustic wave equation},
  journal =      {Journal of computational Physics},
  year =         2009,
  volume =       228,
  pages =        {8779-8806}
}

@ARTICLE{zhang,
  author = {Y[] Zhang and G[] Zhang},
  title = {One-step extrapolation method for reverse time migration},
  journal = {Geophysics},
  year = {2009},
  volume = {74},
  number = {4},
  publisher = {SEG},
  pages = {A29-A33}
}

@ARTICLE{fowler,
  author = {P[] J[] Fowler and X[] Du and R[] P[] Fletcher},
  title = {Coupled equations for reverse time migration in transversely isotropic media},
  journal = {Geophysics},
  year = {2010},
  volume = {75},
  number = {1},
  publisher = {SEG},
  pages = {S11-S22}
}

@Book{biondi1,
  author =	 {B[] Biondi},
  title = 	 {3-{D} Seismic Imaging},
  publisher = 	 {Soc. Expl. Geophys.},
  year = 	 2006
}
@ARTICLE{bednar,
  author =	 {J[] Bednar},
  title = 	 {A brief history of seismic migration},
  journal = {Geophysics},
  year = 	 {2005},
  volume = {70},
  number = {3},
  publisher = {SEG},
  pages = {3MJ-20MJ}
}
@ARTICLE{etgen1,
  author = {J[] Etgen and S[] H[] Gray and Y[] Zhang},
  title = {An overview of depth imaging in exploration geophysics},
  journal = {Geophysics},
  year = {2009},
  volume = {74},
  number = {6},
  publisher = {SEG},
  pages = {WCA5-WCA17}
}
@ARTICLE{etgen3,
  author = {J[] Etgen},
  title = {Accurate wave equation modeling},
  journal = {SEP-60},
  year = {1989},
  publisher = {Stanford Exploration Project},
  pages = {131-148}
}
@ARTICLE{song,
  author = {J[] Song},
  title = {The optimized expression of a high dimensional function/manifold in a lower dimensional space},
  journal = {Chinese Scientific Bulletin},
  year = {2001},
  volume = {46},
  pages = {977-984}
}
@inproceedings{morton,
  AUTHOR = {F[] Liu and S[] A[] Morton and S[] Jiang and L[] Ni and J[] P[] Leveille},
  TITLE = {Decoupled wave equations for {P} and {SV} waves in an acoustic {VTI} media},
  booktitle =    {79th Ann. Internat. Mtg.},
  year = 	 {2009},
  publisher =    {Soc. Expl. Geophys.},
  pages =        {2844-2848}
}
@INPROCEEDINGS{du,
  author = {X[] Du and R[] P[] Fletcher and P[] J[] Fowler}, 
  title = {Pure {P}-wave propagators versus pseudo-acoustic propagators for {RTM} in {VTI} meida},
  booktitle = {72nd Annual EAGE Meeting, EAGE, Expanded Abstracts},
  year = {2010},
  pages = {Accepted}
}
@inproceedings{ying,
  AUTHOR = {S[] Fomel and L[] Ying and X[] Song},
  TITLE = {Seismic wave extrapolation using a lowrank symbol approximation},
  booktitle =    {80th Ann. Internat. Mtg.},
  year = 	 {2010},
  publisher =    {Soc. Expl. Geophys.},
  pages = {3092-3096}
}
@Article{tal,
  author =       {H[] Tal-Ezer and D[] Kosloff and Z[] Koren},
  title =        {An accurate scheme for seismic forward modeling},
  journal =      {Geophysical Prosecting},
  year =         1987,
  volume =       35,
  pages =        {479-490}
}
@ARTICLE{pestana,
  author = {R[] C[] Pestana and P[] L[] Stoffa},
  title = {Time evolution of the wave equation using rapid expansion method},
  journal = {Geophysics},
  year = {2010},
  volume = {75},
  number = {4},
  publisher = {SEG},
  pages = {T121-T131}
}
@inproceedings{crawley,
  AUTHOR = {S[] Crawley and S[] Brandsberg-Dahl and J[] McClean},
  TITLE = {3D {TTI} {RTM} using the pseudo-analytic method},
  publisher =    {Soc. Expl. Geophys.},
  pages = {3216-3220},
  booktitle =    {80th Ann. Internat. Mtg.},
  year =         {2010},
}
@ARTICLE{reshef,
  author = {M[] Reshef and D[] Kosloff and M[] Edwards and C[] Hsiung},
  title = {Three-dimensional acoustic modeling by the Fourier method},
  journal = {Geophysics},
  year = {1988},
  volume = {53},
  publisher = {SEG},
  pages = {1175-1183}
}


