@incollection{Cerveny.SeiTom.99.87,
   author = {V[lastislav] {\v{C}}erven\'{y}},
   title = {Ray Tracing Algorithms in Three-Dimensional Laterally Varying Layered Structures},
   year = {1987},
   booktitle = {Seismic Tomography},
   publisher = {Riedel {P}ublishing Co.},
   pages = {99--134},
   address = { },
   keywords = {ray tracing},
   editor = {G[ustav] Nolet}
}

