@INPROCEEDINGS{etgen,
  author = {J[] Etgen and S[] Brandsberg-Dahl},
  title = {The pseudo-analytical method: application of {pseudo-Laplacians} to acoustic and acoustic anisotropic wave propagation},
  booktitle = {79nd Annual International Meeting, SEG, Expanded Abstracts},
  year = {2009},
  pages = {2552-2556}
}

@inproceedings{yu,
  author =	 {R[] Soubaras and Y[] Zhang},
  title = 	 {Two-step explicit marching method for reverse time migration},
  booktitle =    {78th Ann. Internat. Mtg.},
  year = 	 {2008},
  publisher =    {Soc. Expl. Geophys.},
  pages =        {2272-2276}
}
@ARTICLE{Wu,
AUTHOR = {W[] Wu and L[arry] R[] Lines and H[] Lu},
TITLE = {Analysis of high-order, finite-difference schemes in 3-{D} reverse-time migration},
YEAR = 1996,
journal = {Geophysics},
volume = {61},
pages = {845-856}
}

@ARTICLE{pseudo,
  author = {M[] Reshef and D[] Kosloff and M[] Edwards and C[] Hsiung},
  title = {Three-dimensional acoustic modeling by the {F}ourier method},
  journal = {Geophysics},
  year = {1988},
  volume = {53},
  publisher = {SEG},
  pages = {1175-1183}
}

@inproceedings{stoffa2,
   author = {P[] L[] Stoffa and R[] C[] Pestana},
   booktitle = {79th Ann. Internat. Mtg},
   publisher = {Soc. of Expl. Geophys.},
   title = {Numerical solution of the acoustic wave equation by the rapid expansion method ({REM}) - A one step time evolution algorithm},
   year = {2009},
   pages = {2672-2676}
}
@ARTICLE{gary,
AUTHOR = {G[] F[] Margrave and R[] J[] Ferguson},
TITLE = {Wavefield extrapolation by nonstationary phase shift},
YEAR = 1999,
journal = {Geophysics},
volume = {64},
pages = {1067-1078}
}
@Article{anelliptic,
  author =       {S[] Fomel},
  title =        {On anelliptic approximations for q{P} velocities in {VTI} media},
  journal =      {Geophysical Prospecting},
  year =         2004,
  volume =       52,
  pages =        {247-259}
}
@article{lr,
  AUTHOR = {S[] Fomel and L[] Ying and X[] Song},
  TITLE = {Seismic wave extrapolation using lowrank symbol approximation},
  year = 	 {2012},
  journal =      {Geophysical Prospecting},
  pages= {doi: 10.1111/j.1365-2478.2012.01064.x}
}

@INPROCEEDINGS{bp,
  author = {F[] J[] Billette and S[] Brandsberg-Dahl}, 
  title = {The 2004 {BP} velocity benchmark},
  booktitle = {67th Annual EAGE Meeting, EAGE, Expanded Abstracts},
  year = {2004},
  pages = {B305}
}
@INPROCEEDINGS{wards,
  author = {B[] D[] Wards and G[] F[] Margrave and M[] P[] Lamoureux}, 
  title = {Phase-shift time-stepping for reverse-time migration},
  booktitle =    {78th Ann. Internat. Mtg.},
  year = {2008},
  pages = {2262-2266}
}
@Article{alkhalifah,
  author =       {T[] Alkhalifah and I[] Tsvankin},
  title =        {Velocity analysis for transversely isotropic media},
  journal =      {Geophysics},
  year =         1995,
  volume =       60,
  pages =        {1550-1566}
}
@Article{alkaor,
  author =       {T[] Alkhalifah},
  title =        {An acoustic wave equation for orthorhombic anisotropy},
  journal =      {Geophysics},
  year =         2003,
  volume =       68,
  pages =        {1169-1172}
}
@inproceedings{zhang2,
  AUTHOR = {H[] Zhang and G[] Zhang and Y[] Zhang},
  TITLE = {Removing S-wave noise in {TTI} reverse time migration},
  booktitle =    {79th Ann. Internat. Mtg.},
  year = 	 {2009},
  publisher =    {Soc. Expl. Geophys.},
  pages =        {2849-2853}
}
@Article{liu,
  author =       {Y[] Liu and M[] K[] Sen},
  title =        {A new time-space domain high-order finite-difference method for the acoustic wave equation},
  journal =      {Journal of Computational Physics},
  year =         2009,
  volume =       228,
  pages =        {8779-8806}
}
@Article{kastner,
  author =       {B[] Finkelstein and R[] Kastner},
  title =        {Finite difference time domain dispersion reduction schemes},
  journal =      {Journal of Computational Physics},
  year =         2007,
  volume =       221,
  pages =        {422-438}
}
@ARTICLE{dablain,
  author = {M[] A[] Dablain},
  title = {The application of high-order differencing to the scalar wave equation},
  journal = {Geophysics},
  year = {1986},
  volume = {51},
  number = {1},
  publisher = {seg},
  pages = {54-66}
}
@ARTICLE{kindelan,
  author = {M[] Kindelan and A[] Kamel and P[] Sguazzero},
  title = {On the construction and efficiency of staggered numerical differentiators for the wave equation},
  journal = {Geophysics},
  year = {1990},
  volume = {55},
  number = {1},
  publisher = {seg},
  pages = {107-110}
}

@ARTICLE{fowler,
  author = {P[] J[] Fowler and X[] Du and R[] P[] Fletcher},
  title = {Coupled equations for reverse time migration in transversely isotropic media},
  journal = {Geophysics},
  year = {2010},
  volume = {75},
  number = {1},
  publisher = {SEG},
  pages = {S11-S22}
}

@ARTICLE{etgen3,
  author = {J[] Etgen},
  title = {Accurate wave equation modeling},
  journal = {SEP-60},
  year = {1989},
  publisher = {Stanford Exploration Project},
  pages = {131-148}
}
@inproceedings{morton,
  AUTHOR = {F[] Liu and S[] A[] Morton and S[] Jiang and L[] Ni and J[] P[] Leveille},
  TITLE = {Decoupled wave equations for {P} and {SV} waves in an acoustic {VTI} media},
  booktitle =    {79th Ann. Internat. Mtg.},
  year = 	 {2009},
  publisher =    {Soc. Expl. Geophys.},
  pages =        {2844-2848}
}
@inproceedings{fowleror,
  author = {P[] J[] Fowler and R[] King},
  TITLE = {Modeling and reverse time migration of orthorhombic pseudo-acoustic {P}-waves},
  booktitle =    {81th Ann. Internat. Mtg.},
  year = 	 {2011},
  publisher =    {Soc. Expl. Geophys.},
  pages =        {190-195}
}
@inproceedings{zhangor,
  author = {H[] Zhang and Y[] Zhang},
  TITLE = {Reverse time migration in vertical and tilted orthorhombic media},
  booktitle =    {81th Ann. Internat. Mtg.},
  year = 	 {2011},
  publisher =    {Soc. Expl. Geophys.},
  pages =        {185-189}
}
@INPROCEEDINGS{du,
  author = {X[] Du and R[] P[] Fletcher and P[] J[] Fowler}, 
  title = {Pure {P}-wave propagators versus pseudo-acoustic propagators for {RTM} in {VTI} media},
  booktitle = {72nd Annual EAGE Meeting, EAGE, Expanded Abstracts},
  year = {2010},
  pages = {C013}
}
@inproceedings{ying,
  AUTHOR = {S[] Fomel and L[] Ying and X[] Song},
  TITLE = {Seismic wave extrapolation using a lowrank symbol approximation},
  booktitle =    {80th Ann. Internat. Mtg.},
  year = 	 {2010},
  publisher =    {Soc. Expl. Geophys.},
  pages = {3092-3096}
}
@inproceedings{lfd,
  AUTHOR = {X[] Song and S[] Fomel and L[] Ying and T[] Ding},
  TITLE = {Lowrank finite-differences for wave extrapolation},
  booktitle =    {81th Ann. Internat. Mtg.},
  year = 	 {2011},
  publisher =    {Soc. Expl. Geophys.},
  pages = {3372-3376}
}
@article{songxl,
  AUTHOR = {X[] Song and S[] Fomel and L[] Ying},
  TITLE = {Lowrank finite-differences and lowrank {F}ourier finite-differences for seismic wave extrapolation in the acoustic approximation},
  journal = {Geophysical Journal International},
  year = 	 {2013},
  pages = {doi: 10.1093/gji/ggt017}
}
@article{songx,
  AUTHOR = {X[] Song and S[] Fomel},
  TITLE = {Fourier finite-difference wave propagation},
  journal = {Geophysics},
  year = 	 {2011},
  publisher =    {Soc. Expl. Geophys.},
  volume = {76},
  number = {5},
  pages = {T123-T129}
}
@article{chu,
  AUTHOR = {C[] Chu and P[] L[] Stoffa},
  TITLE = {Application of normalized {pseudo-Laplacian} to elastic wave modeling on staggered grids},
  journal = {Geophysics},
  year = 	 {2011},
  publisher =    {Soc. Expl. Geophys.},
  volume = {76},
  number = {5},
  pages = {T113-T121}
}

@ARTICLE{zhang,
  author = {Y[] Zhang and G[] Zhang},
  title = {One-step extrapolation method for reverse time migration},
  journal = {Geophysics},
  year = {2009},
  volume = {74},
  number = {4},
  publisher = {SEG},
  pages = {A29-A33}
}
@ARTICLE{zhangtti,
  author = {Y[] Zhang and H[] Zhang and G[] Zhang},
  title = {A stable {TTI} reverse time migration and its implementation},
  journal = {Geophysics},
  year = {2011},
  volume = {76},
  number = {3},
  publisher = {SEG},
  pages = {WA3-WA9}
}
@ARTICLE{duveneck,
  author = {E[] Duveneck and P[] M[] Bakker},
  title = {Stable {P}-wave modeling for reverse-time migration in tilted {TI} media},
  journal = {Geophysics},
  year = {2011},
  volume = {76},
  number = {2},
  publisher = {SEG},
  pages = {S65-S75}
}

@ARTICLE{pestana,
  author = {R[] C[] Pestana and P[] L[] Stoffa},
  title = {Time evolution of the wave equation using rapid expansion method},
  journal = {Geophysics},
  year = {2010},
  volume = {75},
  number = {4},
  publisher = {SEG},
  pages = {T121-T131}
}
@Article{tal,
  author =       {H[] Tal-Ezer and D[] Kosloff and Z[] Koren},
  title =        {An accurate scheme for seismic forward modeling},
  journal =      {Geophysical Prosecting},
  year =         1987,
  volume =       35,
  pages =        {479-490}
}
@ARTICLE{bednar,
  author =	 {J[] Bednar},
  title = 	 {A brief history of seismic migration},
  journal = {Geophysics},
  year = 	 {2005},
  volume = {70},
  number = {3},
  publisher = {SEG},
  pages = {3MJ-20MJ}
}
@ARTICLE{etgen1,
  author = {J[] Etgen and S[] H[] Gray and Y[] Zhang},
  title = {An overview of depth imaging in exploration geophysics},
  journal = {Geophysics},
  year = {2009},
  volume = {74},
  number = {6},
  publisher = {SEG},
  pages = {WCA5-WCA17}
}
@Article{holberg,
  author =       {O[] Holberg},
  title =        {Computational aspect of the choice of operator and sampling interval for numerical differentiation in large scale simulation of wave phenomena},
  journal =      {Geophysical Prospecting},
  year =         1987,
  volume =       35,
  pages =        {629-655}
}
@Article{holberg1,
  author =       {O[] Holberg},
  title =        {Towards optimum one-way wave propagation},
  journal =      {Geophysics},
  year =         1988,
  volume =       36,
  pages =        {99-114}
}

@Article{soubaras,
  author =       {R[] Soubaras},
  title =        {Explicit {3-D} migration using equiripple polynomial expansion and {Laplacian} synthesis},
  journal =      {Geophysics},
  year =         1996,
  volume =       61,
  pages =        {1386-1393}
}
@Article{mousa,
  author =       {W[] A[] Mousa and Mirko van der Baan and Said Boussakta and Desmond C McLernon},
  title =        {Designing stable extrapolators for explicit depth extrapolation of 2{D} and 3{D} wavefields using projections onto convex sets},
  journal =      {Geophysics},
  year =         2009,
  volume =       74,
  pages =        {S33-S45}
}
@Article{alkhalifah,
  author =       {T[] Alkhalifah and I[] Tsvankin},
  title =        {Velocity analysis for transversely isotropic media},
  journal =      {Geophysics},
  year =         1995,
  volume =       60,
  pages =        {1550-1566}
}

@Article{anelliptic,
  author =       {S[] Fomel},
  title =        {On anelliptic approximations for q{P} velocities in {VTI} media},
  journal =      {Geophysical Prospecting},
  year =         2004,
  volume =       52,
  pages =        {247-259}
}
@Article{thomsen,
  author =       {L[] Thomsen},
  title =        {Weak elastic anisotropy},
  journal = {Geophysics},
  year =         1986,
  volume =       51,
  pages =        {1954-1966}
}

@Book{grechka,
  author =	 {I[] Tsvankin and V[] Grechka},
  title = 	 {Seismology of azimuthally anisotropic media and seismic fracture characterization},
  publisher = 	 {Society of Exploration Geophysicists},
  year = 	 2011
}

@Book{chapman,
  author =	 {C[hris] Chapman},
  title = 	 {Fundamentals of seismic wave propagation},
  publisher = 	 {Cambridge University Press},
  year = 	 2004
}
@Book{tsvan,
  author =	 {I[] Tsvankin},
  title = 	 {Seismic signature and analysis of reflection data in anisotropic media},
  publisher = 	 {Elsevier Science},
  year = 	 2005
}
@inproceedings{orth,
  AUTHOR = {X[] Song and T[] Alkhalifah},
  TITLE = {Modeling of pseudo-acoustic P-waves in orthorhombic media with lowrank approximation
},
  booktitle = {74th Annual EAGE Meeting, EAGE, Expanded Abstracts},
  year = {2012},
  pages = {accepted}
}
@inproceedings{orth1,
  AUTHOR = {X[] Song and T[] Alkhalifah},
  TITLE = {Modeling of pseudo-acoustic P-waves in orthorhombic media with lowrank approximation
},
  booktitle =    {82th Ann. Internat. Mtg.},
  year = 	 {2012},
  publisher =    {Soc. Expl. Geophys.},
  pages = {submitted}
}
@Article{alkhalifah1,
  author =       {T[] Alkhalifah},
  title =        {Acoustic approximations for processing in transversely isotropic media},
  journal =      {Geophysics},
  year =         1998,
  volume =       63,
  pages =        {623-631}
}
@Article{alkhalifah2,
  author =       {T[] Alkhalifah},
  title =        {An acoustic wave equation for anisotropic media},
  journal =      {Geophysics},
  year =         2000,
  volume =       65,
  pages =        {1239-1250}
}
@Article{anelliptic,
  author =       {S[] Fomel},
  title =        {On anelliptic approximations for q{P} velocities in {VTI} media},
  journal =      {Geophysical Prospecting},
  year =         2004,
  volume =       52,
  pages =        {247-259}
}
@Article{eng2009,
    AUTHOR = {Engquist, Bj{\"o}rn and Ying, Lexing},
     TITLE = {A fast directional algorithm for high frequency acoustic
              scattering in two dimensions},
   JOURNAL = {Commun. Math. Sci.},
    VOLUME = {7},
      YEAR = {2009},
    NUMBER = {2},
     PAGES = {327--345}
}
@Article{grechkat,
  author =	 {V[] Grechka and L[] Zhang and J[] W[] Rector},
  title = 	 {Shear waves in acoustic anisotropic media},
  publisher = 	 {Society of Exploration Geophysicists},
  journal =      {Geophysics},
  volume =       69,
  pages =        {576-582},
  year = 	 2004
}
@inproceedings{duveneckt,
  author = {E[] Duveneck and P[] Milcik and P[] M[] Bakker and C[] Perkins},
  title = {Acoustic {VTI} wave equations and their application for anisotropic reverse-time migration},
  booktitle =    {78th Ann. Internat. Mtg.},
  publisher =    {Soc. Expl. Geophys.},
  year = {2008},
  pages = {2186-2190}
}
@inproceedings{yoon,
  author = {K[] Yoon and S[] Suh and J[] Ji and J[] Cai and B[] Wang},
  title = {Stability and speedup issues in {TTI} {RTM} implementation},
  booktitle =    {80th Ann. Internat. Mtg.},
  publisher =    {Soc. Expl. Geophys.},
  year = {2010},
  pages = {3221-3225}
}
@Article{fletcher,
  author = {R[] P[] Fletcher and X[] Du and P[] J[] Fowler},
  title = {Reverse time migration in tilted transversely isotropic ({TTI}) media},
  journal = {Geophysics},
  year = {2009},
  volume = {74},
  number = {6},
  publisher = {SEG},
  pages = {WCA179-WCA187}
}
@Article{ge,
  author =	 {G[] Zhan and R[] C[] Pestana and P[] L[] Stoffa},
  title = 	 {Decoupled equations for reverse time migration in tilted transversely isotropic media},
  publisher = 	 {Society of Exploration Geophysicists},
  journal =      {Geophysics},
  volume =       77,
  pages =        {T37-T45},
  year = 	 2012
}
@inproceedings{chu1,
  AUTHOR = {C[] Chu and B[] K[] Macy and P[] D[] Anno},
  TITLE = {An accurate and stable wave equation for pure acoustic {TTI} modeling},
  year = 	 {2011},
  booktitle =    {81th Ann. Internat. Mtg.},
  publisher =    {Soc. Expl. Geophys.},
  pages = {179-184}
}
@inproceedings{crawley,
  AUTHOR = {S[] Crawley and S[] Brandsberg-Dahl and J[] McClean},
  TITLE = {3{D} {TTI} {RTM} using the pseudo-analytic method},
  year = 	 {2010},
  booktitle =    {80th Ann. Internat. Mtg.},
  publisher =    {Soc. Expl. Geophys.},
  pages = {3216-3220}
}
@inproceedings{fowlerg,
  author = {P[] J[] Fowler and C[] Lapilli}, 
  title = {Generalized pseudospectral methods for modeling and reverse-time migration in orthorhombic media},
  booktitle = {74th Annual EAGE Meeting, EAGE, Expanded Abstracts},
  year = {2012},
  pages = {AO22}
}
@Article{tsvank,
  author =	 {I[] Tsvankin},
  title =        {Anisotropic parameters and {P}-wave velocity for orthorhombic media},
  journal =      {Geophysics},
  year =         1997,
  volume =       62,
  pages =        {1292-1309}
}
@Article{helbig,
  author =       {K[] Helbig},
  title =        {Elliptical anisotropy—its significance and meaning},
  journal = {Geophysics},
  year =         1983,
  volume =       48,
  pages =        {825-832}
}
@Article{dell1,
  author =       {J[] Dellinger and F[] Muir},
  title =        {Imaging reflections in elliptically anisotropic media},
  journal = {Geophysics},
  year =         1988,
  volume =       53,
  pages =        {1616-1618}
}
@Article{dell2,
  author =       {J[] Dellinger and F[] Muir and M[] Karrenbach},
  title =        {Anelliptic approximations for {TI} media},
  journal = {Jour. Seis. Expl.},
  year =         1993,
  volume =       2,
  pages =        {23-40}
}
@ARTICLE{muir,
  author = {F[] Muir},
  title = {A practical anisotropic system},
  journal = {SEP-44},
  year = {1985},
  publisher = {Stanford Exploration Project},
  pages = {55-58}
}
@Book{golub,
  author =	 {G[] H[] Golub and C[] F[] {Van~Loan}},
  title = 	 {Matrix Computations},
  publisher = 	 {John Hopkins},
  year = 	 1996
}
@INPROCEEDINGS{bale,
  author = {R[] A[] Bale}, 
  title = {Phase-shift migration and the anisotropic acoustic wave equation},
  booktitle = {69th Annual EAGE Meeting, EAGE, Expanded Abstracts},
  year = {2007},
  pages = {C021}
}
