@Book{yilmaz,
  author =	 {{\"{O}}[zdogan] Yilmaz},
  title = 	 {Seismic Data Analysis: {Processing}, Inversion, and Interpretation of
                            Seismic Data},
  publisher = 	 {Soc. Expl. Geophys.},
  year = 	 2001
}

@Article{muir,
  author =       {A[] M[] Popovici and F[] Muir and P[] Blondel},
  title =        {Stolt redux: {A} new interpolation method},
  journal =      {Journal of Seismic Exploration},
  year =         1996,
  volume =       5,
  number =       4,
  pages =        {341-347}
}

@incollection{sava,
	 author = {P[aul] Sava},
	 booktitle = {70th Annual Internat. Mtg., Soc. Expl. Geophys., Expanded Abstracts},
	 pages = {992-995},
	 publisher = {Soc. Expl. Geophys.},
	 title = {Prestack {Stolt} residual migration for migration velocity analysis},
	 year = {2000}
	}

@Article{yilmazLE,
  author = 	 {{\"{O}}z Yilmaz and Irfan Tanir and Cyril Gregory and Fugen Zhou},
  title = 	 {Interpretive imaging of seismic data},
  journal = 	 {The Leading Edge},
  year = 	 2001,
  volume =	 20,
  number =	 2
}

@Booklet{Bleistein84,
  title =        {{M}athematical methods for wave phenomena},
  author =       {N. Bleistein},
  year =         1984,
  howpublished = {Academic Press},
}

@article{Malovichko78,
        author={A. A. Malovichko},
        title={A new representation of the traveltime curve of reflected waves in horizontally layered media},
        year={1978},
        journal={Applied Geophysics (in Russian)},
        volume={91},
        number={1},
        pages={47-53},
}

@Booklet{Zaud89,
  title =        {{P}artial differential equations of applied  mathematics},
  author =       {E. Zauderer},
  year =         1989,
  howpublished = {Wiley-Interscience},
}

@article{beasley,
	author={ Craig J. Beasley and  Walt Lynn and  Ken Larner and  Hung Nguyen},
	title={{Cascaded f-k migration: Removing the restrictions on depth-varying velocity}},
	year={1988},
	journal={Geophysics},
	volume={53},
	number={7},
	pages={881-893}
}

@article{biondi.et.al,
        author={ B[iondo] Biondi and S[ergey] Fomel and N[izar] Chemingui},
        title={{Azimuth moveout for 3-D prestack imaging}},
        year={1998},
        journal={Geophysics},
        volume={63},
        number={2},
        pages={574-588},
}

@incollection{castle, 
  author={Richard Jay  Castle }, 
  title={Shifted Hyperbolas and Normal Moveout}, 
  year=1988, 
  booktitle={58th Annual Internat. Mtg., Soc. Expl. Geophys., Expanded Abstracts}, 
  publisher={Soc. Expl. Geophys.}, 
  pages={Session: S9.3}, 
  address={Tulsa}
	}

@Article{der,
  author = {S[ergey] F. Bolshyh},
  title = {About an approximate representation of the reflected wave 
traveltime
  curve in the case of a multi-layered medium},
  journal = {Applied Geophysics (in Russian)},
  year = {1956},
  volume = {15},
  pages = {3-15},
  annote = {in Russian}
}

@article{larner, 
  author={K.   Larner  and C.   Beasley }, 
  title={Cascaded Migrations -- Improving the Accuracy of Finite-Difference Migration}, 
  year=1987, 
  journal={Geophysics}, 
  volume=52, 
  number=5, 
  pages={618-643}
	}

@article{me,
	author={ S[ergey] B[orisovich] Fomel},
	title={The method of Velocity Continuation in the Seismic Time Migration Problem},
	year={1994},
	journal={Russian Geology and Geophysics},
	volume={35},
	number={5},
	pages={100-111}
}

@article{nmo, 
  author={E[ric] de~Bazelaire}, 
  title={Normal Moveout Revisited -- Inhomogeneous Media and Curved Interfaces}, 
  year=1988, 
  journal={Geophysics}, 
  volume=53, 
  number=2, 
  pages={143-157}
	}

@article{taner, 
  author={M. Turhan  Taner  and Fulton   Koehler }, 
  title={Velocity Spectra -- Digital Computer Derivation and Applications of Velocity Functions }, 
  year=1969, 
  journal={Geophysics}, 
  volume=34, 
  number=6, 
  pages={859-881}, 
	}

@Article{ussr,
  author = {A[lexey] A. Malovichko},
  title = {A New Representation of the Traveltime Curve of Reflected Waves
   in Horizontally Layered Media},
  journal = {Applied Geophysics (in Russian)},
  year = {1978},
  volume = {91},
  number = {1},
  pages = {47-53},
  annote = {in Russian}
}

@book{Claerbout.blackwell.85,
   author = {J[on] F[] Claerbout},
   publisher = {Blackwell Scientific Publications},
   title = {{Imaging the Earth's Interior}},
   year = {1985}
}
