@Article{yangkang20142,
  author={Yangkang Chen and Sergey Fomel and Jingwei Hu},
  title ={Iterative deblending of simultaneous-source seismic data using seislet-domain shaping regularization},
  journal={Geophysics},
  year=2014,
  volume=79,
  pages={V179-V189},
}

@Article{claerbout1983,
  author={J[] F[] Claerbout},
  title ={Ground roll and radial traces},
  journal={Stanford Exploration Project Report, SEP-35},
  year=1983,
  pages={43-53},
}

@book{yilmaz1987,
   author = {Oz Yilmaz},
   publisher = {Society of Exploration Geophysicists},
   title = {Seismic Data Processing},
   year = {1987}
}
@Article{stephen2007,
  author={S[] Chiu and Norman Whitmore and Michael Gurch},
  title ={Polarization Filter by Eigenimages and Adaptive Subtraction to Attenuate Surface-Wave Noise},
  journal={CSPG CSEG CWLS Convention},
  year=2007,
  pages={445-449},
}

@Article{fomel2007shape,
  author={Sergey Fomel},
  title={Shaping regularization in geophysical-estimation problems},
  journal={Geophysics},
  year=2007,
  Volume=72,
  pages={R29-R36},
}

@Article{ozbek2000,
  author={A[] Ozbek},
  title ={Adaptive beamforming with generalized linear constraints},
  journal={70th Annual International Meeting, SEG, Expanded Abstracts},
  year=2000,
  pages={2081-2084},
}
@Article{regone1998,
  author={C[] J[] Regone},
  title ={Suppression of coherent noise in 3-{D} seismology},
  journal={The Leading Edge},
  volume=17,
  year=1998,
  pages={1584-1598},
}

@Article{halliday2010,
  author = {David F[] Halliday and Andrew Curtis and Peter Vermeer and Claudio Strobbia and Anna Glushchenko and Dirk-Jan van~Manen and Johan O[] A[] Robertsson},
  title ={Interferometric ground-roll removal: Attenuation of scattered surface waves in single-sensor data},
  journal={Geophysics},
  year=2010,
  volume={75},
  pages = {SA15-SA25},
}

@Article{halliday20072,
  author = {David F[] Halliday and Andrew Curtis  and Johan O[] A[] Robertsson and Dirk-Jan van~Manen},
  title ={Interferometric surface-wave isolation and removal},
  journal={Geophysics},
  year=2007,
  volume={72},
  pages = {A69-A73},
}

@Article{halliday20092,
  author = {David F[] Halliday and Andrew Curtis},
  title ={Seismic interferometry of scattered surface waves in attenuative media},
  journal={Geophysical Journal International},
  year=2009,
  volume={178},
  pages = {419-446},
}





@Article{halliday2009,
  author = {David F[] Halliday and Andrew Curtis and Peter Vermeer},
  title ={A new look at scattered noise attenuation: Interferometric ground-roll removal},
  journal={79th Annual International Meeting, SEG, Expanded Abstracts},
  year=2009,
  pages = {4207-4208},
}


@Article{mada2013,
  author={Sergey Fomel and P[] Sava and I[] Vlad and Y[] Liu and V[] Bashkardin},
  title={Madagascar open-source software project},
  journal = 	 {Journal of Open Research Software},
  year = 	 2013,
  volume =	 1,
  pages =	 {e8},
}
@Article{yanwei2009,
  author={Yanwei Xue and Shuqian Dong and Gerard T[] Schuster},
  title={Interferometric prediction and subtraction of surface waves with a nonlinear local filter},
  journal={Geophysics},
  year=2009,
  Volume=74,
  pages={S11-S18},
}
@Article{james1968,
  author={J[] N[] Galbraith and R[] A[] Wiggins },
  title={Characteristics of optimum multichannel stacking filters},
  journal={Geophysics},
  year=1968,
  Volume=33,
  pages={36-48},
}

@Article{cahit1983,
  author={Cahit Coruh and John K[] Costain },
  title={Noise attenuation by vibroseis whitening (VSW) processing},
  journal={Geophysics},
  year=1983,
  Volume=48,
  pages={543-554},
}
@Article{wencheng2015asa,
  author={W[] Yang and R[] Wang and Y[] Chen and J[] Wu and S[] Qu and J[] Yuan and S[] Gan},
  title = {Application of spectral decomposition using regularized non-stationary autoregression to random noise attenuation},
  journal={Journal of Geophysics and Engineering},
  year=2015,
  volume = 12,
  pages={175-187},
}
@Article{yangkang20141,
  author={Yangkang Chen and Jitao Ma},
  title ={Random noise attenuation by \emph{f-x} empirical mode decomposition predictive filtering},
  journal={Geophysics},
  year=2014,
  Volume=79,
  pages={V81-V91},
}
@Article{canales1984,
  author = 	 {L[] Canales},
  title = 	 {Random noise reduction},
  journal = 	 {54th Annual International Meeting, SEG, Expanded Abstracts},
  year = 	 1984,
  pages =	 {525-527}
}
@Article{treitel1974,
  author = 	 {S[] Treitel},
  title = 	 {The complex Wiener filter},
  journal = 	 { Geophysics},
  year = 	 1974,
  volume = 	 39,
  pages = 	 {169-173}}
@Article{gulunay1986,
  author =	 {N[] Gulunay},
  title = 	 {Fx decon and complex {W}iener prediction filter},
  booktitle =    {56th Annual International Meeting},
  year = 	 {1986},
  publisher =    {SEG, Expanded Abstracts},
  pages =        {Session: POS2.10}
}
@Article{yangkang2015,
  author={Y[] Chen and S[] Gan and T[] Liu and J[] Yuan and Y[] Zhang and Z[] Jin},
  title = {Random noise attenuation by a selective hybrid approach using f-x empirical mode decomposition},
  journal={Journal of Geophysics and Engineering},
  year=2015,
  volume=12,
  pages={12-25},
}
@Article{ruhi1994,
  author = 	 {Ruhi Saatcilar and Nezihi and Canitez},
  title = 	 {The lattice filter in ground-roll suppression},
  journal = 	 {Geophysics},
  year = 	 1994,
  volume = 	 59,
  number = 	 4,
  pages = 	 {623-631}}

@Article{henley2003,
  author={D[] C[] Henley},
  title ={Coherent noise attenuation in the radial trace domain},
  journal={Geophysics},
  year=2003,
  pages={1408-1416},
}
@Article{ruhi1988,
  author = 	 {Ruhi Saatcilar and Nezihi and Canitez},
  title = 	 {A method of ground-roll elimation},
  journal = 	 {Geophysics},
  year = 	 1988,
  volume = 	 53,
  number = 	 7,
  pages = 	 {894-902}}
@Article{prasad1980,
  author = 	 {S[] Prasad and A[] K[] Mahalanabis},
  title = 	 {Adaptive filter structures for deconvolution of seismic signal},
  journal = 	 {IEEE Transaction Geoscience and Remote Sensing},
  year = 	 1980,
  volume = 	 18,
  pages = 	 {267-273}}  
@Article{saatilar1988,
  author={R[] Saatilar and N[] Canitez},
  title ={A method of ground-roll elimination},
  journal={Geophysics},
  year=1988,
  pages={894-902},
}

@Article{carson2006,
  author={Carson Yarham and Urs Boeniger and Felix Herrmann},
  title = {Curvelet-based ground roll removal},
  journal={SEG expanded abstracts: 76th Annual international meeting},
  year=2006,
  pages={2777-2782},
}

@Article{yangkang2015ortho,
  author={Yangkang Chen and Sergey Fomel},
  title = {Random noise attenuation using local signal-and-noise orthogonalization},
  journal={Geophysics},
  volume=80,
  year=2015,
  pages={WD1-WD9},
}



@Article{brown2000,
  author={M[] Brown and R[] G[] Clapp},
  title = {(T-x) domain, pattern-based ground-roll removal},
  journal={SEG expanded abstracts: 70th Annual international meeting},
  year=2000,
  pages={2103-2106},
}
@Article{fomel2007localattr,
  author={Sergey Fomel},
  title={Local seismic attributes},
  journal={Geophysics},
  year=2007,
  Volume=72,
  pages={A29-A33},
}
@Article{shieh1990,
  author={C[] Shieh and R[] B[] Herrmann},
  title = {Ground roll: Rejection using polarization filters},
  journal={Geophysics},
  year=1990,
  pages={1216-1222},
}

@Article{liuyang2012,
  author = 	 {Y[] Liu and Sergey Fomel},
  title = 	 {Seismic data analysis using local time-frequency decomposition},
  journal = 	 {Geophyscial Prospecting},
  year = 	 2012,
  volume =	 60,
  pages =	 {1-10},
}

