@inproceedings{Albertin,
  author =       {U[] Albertin and H[] Jaramillo and D[] Yingst and R[] Bloor and W[] Chang and C[] Beasley and E[] Mobley},
  year =         {1999},
  title =        {Aspects of true amplitude migration},
  booktitle =    {69th Annual International Meeting},
  publisher =    {Soc. of Expl. Geophys.},
  pages =        {1358-1361}
}

@Article{Audebert,
  author = 	 {F[] Audebert and L[] Nicoletis and P[] Froidevaux},
  title = 	 {Regularization of illumination in angle domains--a key to true amplitude migration},
  journal = 	 {The Leading Edge},
  year = 	 2005,
  volume = 	 24,
  pages = 	 {643-654}
}

@Article{Beylkin,
  author = 	 {G[] Beylkin},
  title = 	 {Imaging of discontinuities in the inverse scattering problem by inverse of a causal generalized Radon transform},
  journal = 	 {Journal of Mathematics and Physics},
  year = 	 1985,
  volume = 	 26,
  pages = 	 {99-108}
}

@inproceedings{Biondi2002,
  author =       {B[] Biondi and G[] Shan},
  year =         {2002},
  title =        {Prestack imaging of overturned reflections by reverse time migration},
  booktitle =    {72th Annual International Meeting},
  publisher =    {Soc. of Expl. Geophys.},
  pages =        {1284-1287}
}

@Article{Biondi2004,
  author = 	 {B[] Biondi and W[] Symes},
  title = 	 {Angle-domain common image gathers for migration velocity analysis by wavefield-continuation imaging},
  journal = 	 {Geophysics},
  year = 	 2004,
  volume = 	 69,
  pages = 	 {1283-1298}
}

@inproceedings{Bloor,
  author =       {R[] Bloor and U[] Albertin and H[] Jaramillo and D[] Yingst},
  year =         {1999},
  title =        {Equalized prestack depth migration},
  booktitle =    {69th Annual International Meeting},
  publisher =    {Soc. of Expl. Geophys.},
  pages =        {1362-1365}
}

@Article{Brandsberg,
  author = 	 {S[] Brandsberg-Dahland M[] V[] De Hoop and B[] Ursin},
  title = 	 {Focusing in dip and AVA compensation on scattering-angle/azimuth common image gathers},
  journal = 	 {Geophysics},
  year = 	 2003,
  volume = 	 68,
  pages = 	 {232-254}
}

@Article{Donoho,
  author = 	 {D[] L[] Donoho},
  title = 	 {De-noising by soft-thresholding},
  journal = 	 {IEEE Transaction on Information Theory},
  year = 	 1995,
  volume = 	 41,
  pages = 	 {613-627}
}

@inproceedings{Fomel2004,
  author =       {S[] Fomel},
  year =         {2004},
  title =        {Theory of 3-D angle gathers in wave-equation imaging},
  booktitle =    {74th Annual International Meeting},
  publisher =    {Soc. of Expl. Geophys.},
  pages =        {1053-1058}
}

@Article{Fomel2007a,
  author = 	 {S[] Fomel},
  title = 	 {Shaping regularization in geophysical-estimation problems},
  journal = 	 {Geophysics},
  year = 	 2007,
  volume = 	 72,
  pages = 	 {R29-R36}
}

@Article{Fomel2007b,
  author = 	 {S[] Fomel},
  title = 	 {Local seismic attributes},
  journal = 	 {Geophysics},
  year = 	 2007,
  volume = 	 72,
  pages = 	 {A29-A33}
}

@inproceedings{Fomel2005,
  author =       {S[] Fomel and M[] Backus and K[] Fouad and B[] Hardage and G[] Winters},
  year =         {2005},
  title =        {A multistep approach to multicomponent seismic image registration with application to a West Texas carbonate reservoir study},
  booktitle =    {75th Annual International Meeting},
  publisher =    {Soc. of Expl. Geophys.},
  pages =        {1018-1021}
}

@Article{Fomel2009,
  author = 	 {S[] Fomel and J[] Long},
  title = 	 {Time-lapse image registration using the local similarity attribute},
  journal = 	 {Geophysics},
  year = 	 2009,
  volume = 	 74,
  pages = 	 {A7-A11}
}

@inproceedings{Howard,
  author =       {M[] S[] Howard and N[] Moldoveanu},
  year =         {2006},
  title =        {Marine survey design for rich-azimuth seismic using surface streamers},
  booktitle =    {76th Annual International Meeting},
  publisher =    {Soc. of Expl. Geophys.},
  pages =        {2905-2909}
}

@inproceedings{Kessinger,
  author =       {W[] Kessinger},
  year =         {2004},
  title =        {Illumination angle compensation in Kirchhoff depth migration},
  booktitle =    {76th Annual International Meeting},
  publisher =    {Soc. of Expl. Geophys.},
  pages =        {1017-1021}
}

@Article{Kiyashchenko,
  author = 	 {D[] Kiyashchenko and R[] E[] Plessix and B[] Kashtan and V[] Troyan},
  title = 	 {A modified imaging principle for true-amplitude wave-equation migration},
  journal = 	 {Geophysical Journal International},
  year = 	 2007,
  volume = 	 168,
  pages = 	 {1093-1104}
}

@Article{Kuhl,
  author = 	 {H[] Kuhl and M[] D[] Sacchi},
  title = 	 {Least-square wave-equation migration for AVP/AVA inversion},
  journal = 	 {Geophysics},
  year = 	 2003,
  volume = 	 68,
  pages = 	 {262-273}
}

@Article{Liu,
  author = 	 {G[] Liu and S[] Fomel and L[] Jin and X[] Chen},
  title = 	 {Seismic data stacking using local correlation},
  journal = 	 {Geophysics},
  year = 	 2009,
  volume = 	 74,
  pages = 	 {V43-V48}
}

@inproceedings{Manning,
  author =       {T[] Manning and C[] Page and S[] A[] Hall and J[] Keggin and B[] Barley and W[] Rietveld and E[] Fromyr and R[] V[] Borselen},
  year =         {2008},
  title =        {Leveraging the value of multi-azimuth (MAZ) seismic through MAZ-stack},
  booktitle =    {70th conference and Exhibition},
  publisher =    {EAGE},
  pages =        {G013}
}

@inproceedings{Michell,
  author =       {S[] Michell and E[] Shoshitaishvili and D[] Chergotis and J[] Sharp and J[] Etgen},
  year =         {2006},
  title =        {Wide azimuth streamer imaging of mad dog: Have we solved the subsalt imaging problem?},
  booktitle =    {76th Annual International Meeting},
  publisher =    {Soc. of Expl. Geophys.},
  pages =        {2905-2909}
}

@inproceedings{Mosher,
  author =       {C[] Mosher and D[] Foster},
  year =         {2000},
  title =        {Common angle imaging conditions for prestack depth migration},
  booktitle =    {70th Annual International Meeting},
  publisher =    {Soc. of Expl. Geophys.},
  pages =        {830-833}
}

@inproceedings{Paffenholz,
  author =       {J[] Paffenholz},
  year =         {2000},
  title =        {Sigsbee2 synthetic subsalt dataset: image quality as function of migration algorithm and velocity model error},
  booktitle =    {71th Annual International Meeting},
  publisher =    {Soc. of Expl. Geophys.},
  pages =        {Workshop W-5}
}

@inproceedings{Prucha0,
  author =       {M[] Prucha and B[] Biondi and W[] Symes},
  year =         {1999},
  title =        {Angle-domain common-image gathers by wave-equation migration},
  booktitle =    {69th Annual International Meeting},
  publisher =    {Soc. of Expl. Geophys.},
  pages =        {824-827}
}

@Article{Prucha,
  author = 	 {M[] L[] Prucha and R[] G[] Clapp and B[] Biondi},
  title = 	 {Seismic image regularization in the reflection angle domain},
  journal = 	 {SEP-103},
  year = 	 2000,
  pages = 	 {109-119}
}

@inproceedings{Qin,
  author =       {F[] Qin and B[] Wang and P[] Zhang and F[] Audebert},
  year =         {2005},
  title =        {Kirchhoff preSDM interactive dip-gather stacking and dip illumination panel generation},
  booktitle =    {75th Annual International Meeting},
  publisher =    {Soc. of Expl. Geophys.},
  pages =        {1882-1885}
}

@Article{Rickett,
  author = 	 {J[] E[] Rickett and P[] C[] Sava},
  title = 	 {Offset and angle-domain common image-point gathers for shot-profile migration},
  journal = 	 {Geophysics},
  year = 	 2002,
  volume = 	 67,
  pages = 	 {883-889}
}

@Article{Sava2003,
  author = 	 {P[] C[] Sava and S[] Fomel},
  title = 	 {Angle-domain common-angles by wavefield continuation methods},
  journal = 	 {Geophysics},
  year = 	 2003,
  volume = 	 68,
  pages = 	 {1065-1074}
}

@inproceedings{Sava2005,
  author =       {P[] C[] Sava and S[] Fomel},
  year =         {2005},
  title =        {Coordinate-independent angle-gathers for wave equation migration},
  booktitle =    {75th Annual International Meeting},
  publisher =    {Soc. of Expl. Geophys.},
  pages =        {2052-2055}
}

@Article{Sava2006,
  author = 	 {P[] C[] Sava and S[] Fomel},
  title = 	 {Time-shift imaging condition in seismic migration},
  journal = 	 {Geophysics},
  year = 	 2006,
  volume = 	 71,
  pages = 	 {209-217}
}

@Article{Schleicher,
  author = 	 {J[] Schleicher and J[] C[] Costa and A[] Novais},
  title = 	 {A comparison of imaging condition for wave-equation shot-profile migration},
  journal = 	 {Geophysics},
  year = 	 2008,
  volume = 	 73,
  pages = 	 {219-227}
}

@Article{Stolt,
  author = 	 {R[] H[] Stolt and A[] B[] Weglein},
  title = 	 {Migration and inversion of seismic data},
  journal = 	 {Geophysics},
  year = 	 1985,
  volume = 	 50,
  pages = 	 {2458-3472}
}

@Article{Weglein,
  author = 	 {A[] B[] Weglein and R[] H[] Stolt},
  title = 	 {Migration-inversion revisited},
  journal = 	 {The Leading Edge},
  year = 	 1999,
  volume = 	 18,
  pages = 	 {950-957}
}

@inproceedings{Tang,
  author =       {Y[] Tang},
  year =         {2007},
  title =        {Selective stacking in the reflection-angle and azimuth domain},
  booktitle =    {77th Annual International Meeting},
  publisher =    {Soc. of Expl. Geophys.},
  pages =        {2320-2324}
}

@Article{Xie2006,
  author = 	 {X[] Xie and S[] Jin and R[] Wu},
  title = 	 {Wave-equation-based seismic illumination analysis},
  journal = 	 {Geophysics},
  year = 	 2006,
  volume = 	 71,
  pages = 	 {169-177}
}

@inproceedings{Xie2002,
  author =       {X[] Xie and R[] Wu},
  year =         {2002},
  title =        {Extracting angle domain information from migrated wavefield},
  booktitle =    {72th Annual International Meeting},
  publisher =    {Soc. of Expl. Geophys.},
  pages =        {1360-1363}
}

@Article{Xu,
  author = 	 {S[] Xu and H[] Chauris and G[] Lambare and M[] Noble},
  title = 	 {Common-angle migration: A strategy for imaging complex media},
  journal = 	 {Geophysics},
  year = 	 2001,
  volume = 	 66,
  pages = 	 {1877-1894}
}

@inproceedings{Zhang2007,
  author =       {Y[] Zhang and J[] Sun and S[] Gray},
  year =         {2007},
  title =        {Reverse-time migration: amplitude and implementation issues},
  booktitle =    {77th Annual International Meeting},
  publisher =    {Soc. of Expl. Geophys.},
  pages =        {2147-2149}
}

@Article{Zhang2003,
  author = 	 {Y[] Zhang and G[] Zhang and N[] Bleistein},
  title = 	 {Theory of true-amplitude one-way wave equations and true amplitude common-shot migration},
  journal = 	 {Geophysics},
  year = 	 2003,
  volume = 	 70,
  pages = 	 {E1-E10}
}





