
@PhdThesis{burgthesis,
  author =       {J. P. Burg},
  title =        {Maximum entropy spectral analysis},
  school =       {Stanford University,
		  http://sepwww.stanford.edu/oldreports/sep06/},
  year =         1975,
}

@Article{geofizhelix,
  author = 	 {Claerbout},
  title = 	 {Multidimensional recursive filters via a helix},
  journal = 	 {Geophysics},
  volume = 	 {63},
  pages =	 {1532--1541},
  year = 	 {1998},
}

@Article{tessellation,
  author = 	 {E.B. Saff and A.B.J. Kuijlaars},
  title = 	 {Distributing many points on a sphere},
  journal = 	 {Mathematical Intelligencer},
  volume = 	 {19},
  number = 	 {1},
  pages =	 {5-11},
  year = 	 {1997},
}


@Article{kolmogoroff,
  author = 	 {Kolmogoroff, A.},
  title = 	 {Sur l'interpolation et l'extrapolation des suites stationnaires},
  journal = 	 {C.R.Acad.Sci.(Paris)},
  volume = 	 {208},
  pages =	 {2043--2045},
  year = 	 {1939},
}

@Article{facxspec,
  author = 	 {Claerbout},
  title = 	 {Factorization of cross-spectra},
  journal = 	 {SEP-97},
  year = 	 {1998},
}

@InProceedings{helimig,
  author = 	 {James Rickett and Jon Claerbout and Sergey Fomel},
        meeting={68th Annual Internat. Mtg., Soc. Expl. Geophys.},
        booktitle={Expanded Abstracts},
  title = 	 {Implicit 3-{D} depth migration by wavefield extrapolation with helical boundary conditions},
  year =	 1998
}
@InProceedings{shotinterp,
  author = 	 {Sean Crawley},
        meeting={68th Annual Internat. Mtg., Soc. Expl. Geophys.},
        booktitle={Expanded Abstracts},
  title = 	 {Shot interpolation for radon multiple suppression},
  year =	 1998
}
@InProceedings{flags,
  author = 	 {Robert Clapp and Biondo Biondi and Sergey Fomel and Jon Claerbout},
        meeting={68th Annual Internat. Mtg., Soc. Expl. Geophys.},
        booktitle={Expanded Abstracts},
  title = 	 {Regularizing velocity estimation using geologic dip information},
  year =	 1998
}

@Article{wilson,
  author = 	 {G. Wilson},
  title = 	 {Factorization of the covariance generating function of a pure moving average function},
  journal = 	 {SIAM J. Numer. Anal.},
  year = 	 1969,
  volume =	 6,
  number =	 1,
  pages =	 {1-7}
}

@Booklet{biondi97,
  title = 	 {{3-D} {S}eismic {I}maging},
  author =	 {B. L. Biondi},
  howpublished = {http://sepwww.stanford.edu/sep/biondo/research.html},
  year =	 1997
}
 

@Booklet{fgdp,
  title = 	 {Fundamentals of {G}eophysical {D}ata {P}rocessing},
  author =	 {J. Claerbout},
  howpublished = {http://sepwww.stanford.edu/sep/prof/},
  year =	 1976
}

@Book{fgdp1,
  author = 	 {J. Claerbout},
  title = 	 {Fundamentals of {G}eophysical {D}ata {P}rocessing},
  publisher = 	 {Blackwell Scientific Publications},
  year = 	 1976
}

@Booklet{iei,
  title = 	 {Imaging the {E}arth's {I}nterior},
  author =	 {J. Claerbout},
  howpublished = {http://sepwww.stanford.edu/sep/prof/},
  year =	 1985
}

@Book{pvi,
  author = 	 {Jon F. Claerbout},
  title = {{E}arth {S}oundings {A}nalysis: {P}rocessing versus {I}nversion},
  publisher = 	 {Blackwell Scientific Publications},
  year = 	 1992
}

@Booklet{gee,
  title = 	 {{G}eophysical {E}stimation by {E}xample: {E}nvironmental soundings image enhancement},
  author =	 {J. Claerbout},
  howpublished = {http://sepwww.stanford.edu/sep/prof/},
  year =	 1998
}


@inProceedings{helixmeeting,
  author = 	 {J. F. Claerbout},
  title = 	 {Invitation to the helical coordinate system},
  year = 	 {1998},
        meeting={68th Annual Internat. Mtg., Soc. Expl. Geophys.},
        booktitle={Expanded Abstracts (this edition)},
}

@Book{iserles,
  author = 	 {Arieh Iserles},
  title = 	 {A {F}irst {C}ourse in the {N}umerical {A}nalysis of {D}ifferential {E}quations},
  publisher = 	 {Cambridge University Press},
  year = 	 {1996},
}


