@ARTICLE{etgen3,
  author = {J[] Etgen},
  title = {Accurate wave equation modeling},
  journal = {SEP-60},
  year = {1989},
  publisher = {Stanford Exploration Project},
  pages = {131-148}
}
@INPROCEEDINGS{etgen,
  author = {J[] Etgen and S[] Brandsberg-Dahl},
  title = {The pseudo-analytical method: application of {pseudo-Laplacians} to acoustic and acoustic anisotropic wave propagation},
  booktitle = {79nd Annual International Meeting, SEG, Expanded Abstracts},
  year = {2009},
  pages = {2552-2556}
}

@inproceedings{yu,
  author =	 {R[] Soubaras and Y[] Zhang},
  title = 	 {Two-step explicit marching method for reverse time migration},
  booktitle =    {78th Ann. Internat. Mtg.},
  year = 	 {2008},
  publisher =    {Soc. Expl. Geophys.},
  pages =        {2272-2276}
}
@ARTICLE{Wu,
AUTHOR = {W[] Wu and L[arry] R[] Lines and H[] Lu},
TITLE = {Analysis of high-order, finite-difference schemes in 3-{D} reverse-time migration},
YEAR = 1996,
journal = {Geophysics},
volume = {61},
pages = {845-856}
}

@ARTICLE{pseudo,
  author = {M[] Reshef and D[] Kosloff and M[] Edwards and C[] Hsiung},
  title = {Three-dimensional acoustic modeling by the {F}ourier method},
  journal = {Geophysics},
  year = {1988},
  volume = {53},
  publisher = {SEG},
  pages = {1175-1183}
}

@inproceedings{stoffa2,
   author = {P[] L[] Stoffa and R[] C[] Pestana},
   booktitle = {79th Ann. Internat. Mtg},
   publisher = {Soc. of Expl. Geophys.},
   title = {Numerical solution of the acoustic wave equation by the rapid expansion method ({REM}) - A one step time evolution algorithm},
   year = {2009},
   pages = {2672-2676}
}
@ARTICLE{gary,
AUTHOR = {G[] F[] Margrave and R[] J[] Ferguson},
TITLE = {Wavefield extrapolation by nonstationary phase shift},
YEAR = 1999,
journal = {Geophysics},
volume = {64},
pages = {1067-1078}
}
@INPROCEEDINGS{bp,
  author = {F[] J[] Billette and S[] Brandsberg-Dahl}, 
  title = {The 2004 {BP} velocity benchmark},
  booktitle = {67th Annual EAGE Meeting, EAGE, Expanded Abstracts},
  year = {2004},
  pages = {B305}
}
@INPROCEEDINGS{wards,
  author = {B[] D[] Wards and G[] F[] Margrave and M[] P[] Lamoureux}, 
  title = {Phase-shift time-stepping for reverse-time migration},
  booktitle = {78th Annual EAGE Meeting, EAGE, Expanded Abstracts},
  year = {2008},
  pages = {2262-2266}
}
@inproceedings{zhang2,
  AUTHOR = {H[] Zhang and G[] Zhang and Y[] Zhang},
  TITLE = {Removing S-wave noise in {TTI} reverse time migration},
  booktitle =    {79th Ann. Internat. Mtg.},
  year = 	 {2009},
  publisher =    {Soc. Expl. Geophys.},
  pages =        {2849-2853}
}
@Article{liu,
  author =       {Y[] Liu and M[] K[] Sen},
  title =        {A new time-space domain high-order finite-difference method for the acoustic wave equation},
  journal =      {Journal of Computational Physics},
  year =         2009,
  volume =       228,
  pages =        {8779-8806}
}
@Article{kastner,
  author =       {B[] Finkelstein and R[] Kastner},
  title =        {Finite difference time domain dispersion reduction schemes},
  journal =      {Journal of Computational Physics},
  year =         2007,
  volume =       221,
  pages =        {422-438}
}
@ARTICLE{dablain,
  author = {M[] A[] Dablain},
  title = {The application of high-order differencing to the scalar wave equation},
  journal = {Geophysics},
  year = {1986},
  volume = {51},
  number = {1},
  publisher = {seg},
  pages = {54-66}
}
@ARTICLE{kindelan,
  author = {M[] Kindelan and A[] Kamel and P[] Sguazzero},
  title = {On the construction and efficiency of staggered numerical differentiators for the wave equation},
  journal = {Geophysics},
  year = {1990},
  volume = {55},
  number = {1},
  publisher = {seg},
  pages = {107-110}
}
@article{zhang,
  author = {y[] zhang and g[] zhang},
  title = {one-step extrapolation method for reverse time migration},
  journal = {geophysics},
  year = {2009},
  volume = {74},
  number = {4},
  publisher = {seg},
  pages = {a29-a33}
}

@ARTICLE{fowler,
  author = {P[] J[] Fowler and X[] Du and R[] P[] Fletcher},
  title = {Coupled equations for reverse time migration in transversely isotropic media},
  journal = {Geophysics},
  year = {2010},
  volume = {75},
  number = {1},
  publisher = {SEG},
  pages = {S11-S22}
}

@inproceedings{morton,
  AUTHOR = {F[] Liu and S[] A[] Morton and S[] Jiang and L[] Ni and J[] P[] Leveille},
  TITLE = {Decoupled wave equations for {P} and {SV} waves in an acoustic {VTI} media},
  booktitle =    {79th Ann. Internat. Mtg.},
  year = 	 {2009},
  publisher =    {Soc. Expl. Geophys.},
  pages =        {2844-2848}
}
@INPROCEEDINGS{du,
  author = {X[] Du and R[] P[] Fletcher and P[] J[] Fowler}, 
  title = {Pure {P}-wave propagators versus pseudo-acoustic propagators for {RTM} in {VTI} meida},
  booktitle = {72nd Annual EAGE Meeting, EAGE, Expanded Abstracts},
  year = {2010},
  pages = {Accepted}
}
@inproceedings{ying,
  AUTHOR = {S[] Fomel and L[] Ying and X[] Song},
  TITLE = {Seismic wave extrapolation using a lowrank symbol approximation},
  booktitle =    {80th Ann. Internat. Mtg.},
  year = 	 {2010},
  publisher =    {Soc. Expl. Geophys.},
  pages = {3092-3096}
}
@article{lr,
  AUTHOR = {S[] Fomel and L[] Ying and X[] Song},
  TITLE = {Seismic wave extrapolation using lowrank symbol approximation},
  year = 	 {2012},
  journal =      {Geophysical Prospecting},
  doi= {10.1111/j.1365-2478.2012.01064.x},
  url = {http://onlinelibrary.wiley.com/doi/10.1111/j.1365-2478.2012.01064.x/full}
}
@article{songx,
  AUTHOR = {X[] Song and S[] Fomel},
  TITLE = {Fourier finite-difference wave propagation},
  journal = {Geophysics},
  year = 	 {2011},
  publisher =    {Soc. Expl. Geophys.},
  volume = {76},
  number = {5},
  pages = {T123-T129}
}

@ARTICLE{zhang,
  author = {Y[] Zhang and G[] Zhang},
  title = {One-step extrapolation method for reverse time migration},
  journal = {Geophysics},
  year = {2009},
  volume = {74},
  number = {4},
  publisher = {SEG},
  pages = {A29-A33}
}
@ARTICLE{fowler,
  author = {P[] J[] Fowler and X[] Du and R[] P[] Fletcher},
  title = {Coupled equations for reverse time migration in transversely isotropic media},
  journal = {Geophysics},
  year = {2010},
  volume = {75},
  number = {1},
  publisher = {SEG},
  pages = {S11-S22}
}
@ARTICLE{pestana,
  author = {R[] C[] Pestana and P[] L[] Stoffa},
  title = {Time evolution of the wave equation using rapid expansion method},
  journal = {Geophysics},
  year = {2010},
  volume = {75},
  number = {4},
  publisher = {SEG},
  pages = {T121-T131}
}
@Article{tal,
  author =       {H[] Tal-Ezer and D[] Kosloff and Z[] Koren},
  title =        {An accurate scheme for seismic forward modeling},
  journal =      {Geophysical Prosecting},
  year =         1987,
  volume =       35,
  pages =        {479-490}
}
@ARTICLE{bednar,
  author =	 {J[] Bednar},
  title = 	 {A brief history of seismic migration},
  journal = {Geophysics},
  year = 	 {2005},
  volume = {70},
  number = {3},
  publisher = {SEG},
  pages = {3MJ-20MJ}
}
@ARTICLE{etgen1,
  author = {J[] Etgen and S[] H[] Gray and Y[] Zhang},
  title = {An overview of depth imaging in exploration geophysics},
  journal = {Geophysics},
  year = {2009},
  volume = {74},
  number = {6},
  publisher = {SEG},
  pages = {WCA5-WCA17}
}
@Article{holberg,
  author =       {O[] Holberg},
  title =        {Computational aspect of the choice of operator and sampling interval for numerical differentiation in large scale simulation of wave phenomena},
  journal =      {Geophysical Prospecting},
  year =         1987,
  volume =       35,
  pages =        {629-655}
}
@Article{holberg1,
  author =       {O[] Holberg},
  title =        {Towards optimum one-way wave propagation},
  journal =      {Geophysics},
  year =         1988,
  volume =       36,
  pages =        {99-114}
}

@Article{soubaras,
  author =       {R[] Soubaras},
  title =        {Explicit {3-D} migration using equiripple polynomial expansion and Laplacian synthesis},
  journal =      {Geophysics},
  year =         1996,
  volume =       61,
  pages =        {1386-1393}
}
@Article{mousa,
  author =       {W[] A[] Mousa and Mirko van der Baan and Said Boussakta and Desmond C McLernon},
  title =        {Designing stable extrapolators for explicit depth extrapolation of 2{D} and 3{D} wavefields using projections onto convex sets},
  journal =      {Geophysics},
  year =         2009,
  volume =       74,
  pages =        {S33-S45}
}
@Article{alkhalifah,
  author =       {T[] Alkhalifah and I[] Tsvankin},
  title =        {Velocity analysis for transversely isotropic media},
  journal =      {Geophysics},
  year =         1995,
  volume =       60,
  pages =        {1550-1566}
}
@Article{alkhalifah1,
  author =       {T[] Alkhalifah},
  title =        {Acoustic approximations for processing in transversely isotropic media},
  journal =      {Geophysics},
  year =         1998,
  volume =       63,
  pages =        {623-631}
}
@Article{alkhalifah2,
  author =       {T[] Alkhalifah},
  title =        {An acoustic wave equation for anisotropic media},
  journal =      {Geophysics},
  year =         2000,
  volume =       65,
  pages =        {1239-1250}
}
@Article{anelliptic,
  author =       {S[] Fomel},
  title =        {On anelliptic approximations for q{P} velocities in {VTI} media},
  journal =      {Geophysical Prospecting},
  year =         2004,
  volume =       52,
  pages =        {247-259}
}
@Article{thomsen,
  author =       {L[] Thomsen},
  title =        {Weak elastic anisotropy},
  journal = {Geophysics},
  year =         1986,
  volume =       51,
  pages =        {1954-1966}
}
@Article{eng2009,
    AUTHOR = {Engquist, Bj{\"o}rn and Ying, Lexing},
     TITLE = {A fast directional algorithm for high frequency acoustic
              scattering in two dimensions},
   JOURNAL = {Commun. Math. Sci.},
    VOLUME = {7},
      YEAR = {2009},
    NUMBER = {2},
     PAGES = {327--345}
}
@article{chu,
  AUTHOR = {C[] Chu and P[] L[] Stoffa},
  TITLE = {Application of normalized {pseudo-Laplacian} to elastic wave modeling on staggered grids},
  journal = {Geophysics},
  year =         {2011},
  publisher =    {Soc. Expl. Geophys.},
  volume = {76},
  number = {5},
  pages = {T113-T121}
}
@Article{ge,
  author =       {G[] Zhan and R[] C[] Pestana and P[] L[] Stoffa},
  title =        {Decoupled equations for reverse time migration in tilted transversely isotropic media},
  publisher =    {Society of Exploration Geophysicists},
  journal =      {Geophysics},
  volume =       77,
  pages =        {T37-T45},
  year =         2012
}
@inproceedings{fowlerg,
  author = {P[] J[] Fowler and C[] Lapilli},
  title = {Generalized pseudospectral methods for modeling and reverse-time migration in orthorhombic media},
  booktitle = {74th Annual EAGE Meeting, EAGE, Expanded Abstracts},
  year = {2012},
  pages = {AO22}
}
@Article{grechkat,
  author =       {V[] Grechka and L[] Zhang and J[] W[] Rector},
  title =        {Shear waves in acoustic anisotropic media},
  publisher =    {Society of Exploration Geophysicists},
  journal =      {Geophysics},
  volume =       69,
  pages =        {576-582},
  year =         2004
}
@inproceedings{duveneckt,
  author = {E[] Duveneck and P[] Milcik and P[] M[] Bakker and C[] Perkins},
  title = {Acoustic {VTI} wave equations and their application for anisotropic reverse-time migration},
  booktitle =    {78th Ann. Internat. Mtg.},
  publisher =    {Soc. Expl. Geophys.},
  year = {2008},
  pages = {2186-2190}
}
@inproceedings{yoon,
  author = {K[] Yoon and S[] Suh and J[] Ji and J[] Cai and B[] Wang},
  title = {Stability and speedup issues in {TTI} {RTM} implementation},
  booktitle =    {80th Ann. Internat. Mtg.},
  publisher =    {Soc. Expl. Geophys.},
  year = {2010},
  pages = {3221-3225}
}
@Article{fletcher,
  author = {R[] P[] Fletcher and X[] Du and P[] J[] Fowler},
  title = {Reverse time migration in tilted transversely isotropic ({TTI}) media},
  journal = {Geophysics},
  year = {2009},
  volume = {74},
  number = {6},
  publisher = {SEG},
  pages = {WCA179-WCA187}
}

@inproceedings{zhang3,
  AUTHOR = {H[] Zhang and Y[] Zhang},
  TITLE = {Reverse time migration in 3{D} heterogeneous {TTI} media},
  booktitle =    {78th Ann. Internat. Mtg.},
  year = 	 {2008},
  publisher =    {Soc. Expl. Geophys.},
  pages =        {2196-2200}
}
@Article{alkhalifah2,
  author =       {T[] Alkhalifah},
  title =        {An acoustic wave equation for anisotropic media},
  journal =      {Geophysics},
  year =         2000,
  volume =       65,
  pages =        {1239-1250}
}
@inproceedings{cheng,
  author =	 {J[] Cheng and W[] Kang},
  title = 	 {Propagating pure wave modes in 3{D} general anisotropic media, {P}art {I}: {P}-wave propagator},
  booktitle =    {82nd Ann. Internat. Mtg.},
  year = 	 {2012},
  publisher =    {Soc. Expl. Geophys.},
  pages =        {Accepted}
}
@Article{geller1,
  author =       {R[] J[] Geller and N[] Takeuchi},
  title =        {Optimally accurate second-order time domain finite difference scheme for the elastic equation of motion: 1-{D} case},
  journal =      {Geophys. J. Int.},
  year =         1998,
  volume =       135,
  pages =        {48-62}
}
@Article{geller2,
  author =       {N[] Takeuchi and R[] J[] Geller},
  title =        {Optimally accurate second order time-domain finite difference scheme for computing synthetic seismograms in 2-{D} and 3-{D} media},
  journal =      {Phys. Earth Planet. Int.},
  year =         2000,
  volume =       119,
  pages =        {99-131}
}
@Article{gellerg,
  author =       {R[] J[] Geller and N[] Takeuchi},
  title =        {A new method for computing highly accurate {DSM} synthetic seismograms},
  journal =      {Geophys. J. Int.},
  year =         1995,
  volume =       123,
  pages =        {449-470}
}
@ARTICLE{gazdag,
  author = {J[] Gazdag},
  title = {Modeling of the acoustic wave equation with transform methods},
  journal = {Geophysics},
  year = {1981},
  volume = {46},
  publisher = {SEG},
  number  = {6},
  pages = {854-859}
}
@BOOK{fornberg,
  title = {A practical guide to pseudo-spectral methods (Cambridge Monographs on Applied and Computational Mathematics)},
  year = {2002},
  author = {B[] Fornberg},
  publisher = {Cambridge University Press},
  isbn = {0521645646}
}
@Article{ffd,
  author =       {D[] Ristow and T[] Ruhl},
  title =        {Fourier finite-difference migration},
  journal =      {Geophysics},
  year =         1994,
  volume =       59,
  pages =        {1882-1893}
}
@Article{adapt,
  author =       {Y[] Liu and M[] K[] Sen},
  title =        {Finite-difference modeling with adaptive variable-length spatial operators},
  journal =      {Geophysics},
  year =         2011,
  volume =       76,
  pages =        {T79-T89}
}
@inproceedings{denffd,
  AUTHOR = {X[] Song and K[] Nihei and J[] Stefani},
  TITLE = {Seismic modeling in acoustic variable-density media by Fourier finite differences
},
  booktitle =    {82th Ann. Internat. Mtg.},
  year = {2012},
  pages = {Accepted}
}
@Article{tabei,
  author =       {M[] Tabei and T[] D[] Mast and R[] C[] Waag},
  title =     {A k-space method for coupled first-order acoustic propagation equations},
  journal = {J. Acoust. Soc. Am.},
  year =         2002,
  volume =       111,
  number =       1,
  pages =        {53-63}
}
@INPROCEEDINGS{bptti,
  author = {H[] Shah}, 
  title = {The 2007 {BP} Anisotropic Velocity-Analysis Benchmark},
  booktitle = {70th Annual EAGE Meeting, EAGE},
  year = {2007},
  pages = {workshop}
}

