


@article{cooke:WCA65,
author = {Dennis Cooke and Andrej B\'{o}na and Benn Hansen},
collaboration = {},
title = {Simultaneous time imaging, velocity estimation, and multiple suppression using local event slopes},
publisher = {SEG},
year = {2009},
journal = {Geophysics},
volume = {74},
number = {6},
pages = {WCA65-WCA73},
keywords = {seismology},
url = {http://link.aip.org/link/?GPY/74/WCA65/1},
doi = {10.1190/1.3242751}
}




@article{marfurt:P29,
author = {Kurt J. Marfurt},
collaboration = {},
title = {Robust estimates of 3D reflector dip and azimuth},
publisher = {SEG},
year = {2006},
journal = {Geophysics},
volume = {71},
number = {4},
pages = {P29-P40},
keywords = {seismology; stratigraphy},
url = {http://link.aip.org/link/?GPY/71/P29/1},
doi = {10.1190/1.2213049}
}



@article{marfurt:104,
author = {Kurt J. Marfurt and V. Sudhaker and Adam Gersztenkorn and Kelly D. Crawford and Susan E. Nissen},
collaboration = {},
title = {Coherency calculations in the presence of structural dip},
publisher = {SEG},
year = {1999},
journal = {Geophysics},
volume = {64},
number = {1},
pages = {104-111},
url = {http://link.aip.org/link/?GPY/64/104/1},
doi = {10.1190/1.1444508}
}




@article{clapp1997solution,
  title={Solution steering with space-variant filters},
  author={Clapp, R.G. and Fomel, S. and Claerbout, J.},
  journal={SEP-95: Stanford Exploration Project},
  volume={27},
  pages={42},
  year={1997}
}

@article{halelocal,
  title={Local dip filtering with directional Laplacians},
  author={Hale, D.},
journal = {CWP Report},
volume = {567},
  year={2007}
}


@article{ottolini1983signal,
  title={Signal/noise separation in dip space},
  author={Ottolini, R.},
journal = {SEP Report},
volume = {37},
  year={1983}
}

@article{harlan:1869,
author = {William S. Harlan and Jon F. Claerbout and Fabio Rocca},
collaboration = {},
title = {Signal/noise separation and velocity estimation},
publisher = {SEG},
year = {1984},
journal = {Geophysics},
volume = {49},
number = {11},
pages = {1869-1880},
url = {http://link.aip.org/link/?GPY/49/1869/1},
doi = {10.1190/1.1441600}
}




@article{fomel:R29,
author = {Sergey Fomel},
collaboration = {},
title = {Shaping regularization in geophysical-estimation problems},
publisher = {SEG},
year = {2007},
journal = {Geophysics},
volume = {72},
number = {2},
pages = {R29-R36},
keywords = {conjugate gradient methods; low-pass filters; least squares approximations; iterative methods; interpolation; seismic waves},
url = {http://link.aip.org/link/?GPY/72/R29/1},
doi = {10.1190/1.2433716}
}



@article{schleicher:P25,
author = {J. Schleicher and J. C. Costa and L. T. Santos and A. Novais and M. Tygel},
collaboration = {},
title = {On the estimation of local slopes},
publisher = {SEG},
year = {2009},
journal = {Geophysics},
volume = {74},
number = {4},
pages = {P25-P33},
keywords = {seismology},
url = {http://link.aip.org/link/?GPY/74/P25/1},
doi = {10.1190/1.3119563}
}


@book{claerbout1999geophysical,
title={Geophysical estimation by example: Geophysical Soundings Image Construction},
author={Jon F. Claerbout},
year={1999},
publisher={Stanford Exploration Project},
url={http://sep.stanford.edu/sep/prof/index.html},
}


@book{claerbout1992earth,
title={Earth soundings analysis: Processing versus inversion},
author={Jon F. Claerbout},
year={1992},
publisher={Blackwell Scientific Publications},
url={http://sep.stanford.edu/sep/prof/index.html},
}



@article{fomel:1946,
author = {Sergey Fomel},
collaboration = {},
title = {Applications of plane-wave destruction filters},
publisher = {SEG},
year = {2002},
journal = {Geophysics},
volume = {67},
number = {6},
pages = {1946-1960},
keywords = {seismology; seismic waves; filters; imaging; signal processing; finite difference methods; parameter estimation},
url = {http://link.aip.org/link/?GPY/67/1946/1},
doi = {10.1190/1.1527095}
}


@article{fomel:U89,
author = {Sergey Fomel and Evgeny Landa and M. Turhan Taner},
collaboration = {},
title = {Poststack velocity analysis by separation and imaging of seismic diffractions},
publisher = {SEG},
year = {2007},
journal = {Geophysics},
volume = {72},
number = {6},
pages = {U89-U94},
keywords = {geophysical signal processing; seismic waves; seismology},
url = {http://link.aip.org/link/?GPY/72/U89/1},
doi = {10.1190/1.2781533}
}



@article{fomel:A25,
author = {Sergey Fomel},
collaboration = {},
title = {Predictive painting of {3D} seismic volumes},
publisher = {SEG},
year = {2010},
journal = {Geophysics},
volume = {75},
number = {4},
pages = {A25-A30},
keywords = {geophysical techniques; seismic waves; seismology},
url = {http://link.aip.org/link/?GPY/75/A25/1},
doi = {10.1190/1.3453847}
}



@article{fomel:V25,
author = {Sergey Fomel and Yang Liu},
collaboration = {},
title = {Seislet transform and seislet frame},
publisher = {SEG},
year = {2010},
journal = {Geophysics},
volume = {75},
number = {3},
pages = {V25-V38},
keywords = {data analysis; data compression; geophysical signal processing; geophysical techniques; seismology; wavelet transforms},
url = {http://link.aip.org/link/?GPY/75/V25/1},
doi = {10.1190/1.3380591}
}




@article{spitz:785,
author = {S. Spitz},
collaboration = {},
title = {Seismic trace interpolation in the F-X domain},
publisher = {SEG},
year = {1991},
journal = {Geophysics},
volume = {56},
number = {6},
pages = {785-794},
url = {http://link.aip.org/link/?GPY/56/785/1},
doi = {10.1190/1.1443096}
}


@article{fomel:S139,
author = {Sergey Fomel},
collaboration = {},
title = {Velocity-independent time-domain seismic imaging using local event slopes},
publisher = {SEG},
year = {2007},
journal = {Geophysics},
volume = {72},
number = {3},
pages = {S139-S147},
keywords = {seismology; seismic waves; imaging; image processing},
url = {http://link.aip.org/link/?GPY/72/S139/1},
doi = {10.1190/1.2714047}
}



@article{hedefa:3569,
author = {Mahmoud Hedefa and Huang Mingzhong and Zhu Weihong},
collaboration = {},
title = {Time domain trace interpolation for irregularly sampled seismic data by using a localized dip search approach},
publisher = {SEG},
year = {2010},
journal = {SEG Technical Program Expanded Abstracts},
volume = {29},
number = {1},
pages = {3569-3573},
keywords = {coherent; linear; noise; OBC; seismic},
url = {http://link.aip.org/link/?SGA/29/3569/1},
doi = {10.1190/1.3513591}
}


@article{thiran1971recursive,
  title={Recursive digital filters with maximally flat group delay},
  author={Thiran, J.P.},
  journal={IEEE Transactions on Circuit Theory},
  volume={18},
  number={6},
  pages={659--664},
  year={1971},
  publisher={IEEE}
}

@ARTICLE{zhang2009maxflat,
author={Xi Zhang},
journal={IEEE Transactions on Signal Processing},
title={Maxflat Fractional Delay IIR Filter Design},
year={2009},
month={aug. },
volume={57},
number={8},
pages={2950 -2956},
keywords={IIR filter design;Vandermonde equations;arbitrarily specified frequency point;digital filters;filter coefficients;frequency response;infinite-impulse-response filters;linear equations;linear system;maxflat fractional delay filter;signal processing;IIR filters;frequency response;linear systems;signal processing;},
doi={10.1109/TSP.2009.2019231},
ISSN={1053-587X},
}



@article{smith2004physical,
  title={Physical audio signal processing},
  author={Smith, J.O.},
  journal={Julius Orion Smith III Homepage},
  year={2004}
}

@book{marvasti2001nonuniform,
  title={Nonuniform sampling: theory and practice},
  author={Marvasti, F.A.},
  volume={1},
  year={2001},
  publisher={Springer}
}

@article{larner1981trace,
  title={Trace interpolation and the design of seismic surveys},
  author={Larner, K. and Gibson, B. and Rothman, D.},
  journal={Geophysics},
  volume={46},
  number={4},
  pages={407--409},
  year={1981}
}


@article{GPR:GPR343,
author = {Bardan, V.},
title = {TRACE INTERPOLATION IN SEISMIC DATA PROCESSING},
journal = {Geophysical Prospecting},
volume = {35},
number = {4},
publisher = {Blackwell Publishing Ltd},
issn = {1365-2478},
url = {http://dx.doi.org/10.1111/j.1365-2478.1987.tb00822.x},
doi = {10.1111/j.1365-2478.1987.tb00822.x},
pages = {343--358},
year = {1987},
}

@article{luo:324,
author = {Y. Luo and W. G. Higgs and W. S. Kowalik},
collaboration = {},
title = {Edge detection and stratigraphic analysis using 3D seismic data},
publisher = {SEG},
year = {1996},
journal = {SEG Technical Program Expanded Abstracts},
volume = {15},
number = {1},
pages = {324-327},
url = {http://link.aip.org/link/?SGA/15/324/1},
doi = {10.1190/1.1826632}
}



@article{barnes:264,
author = {Arthur E. Barnes},
collaboration = {},
title = {Theory of {2-D} complex seismic trace analysis},
publisher = {SEG},
year = {1996},
journal = {Geophysics},
volume = {61},
number = {1},
pages = {264-272},
url = {http://link.aip.org/link/?GPY/61/264/1},
doi = {10.1190/1.1443947}
}



@article{fehmers:1286,
author = {Gijs C. Fehmers and Christian F. W. H\"{o}cker},
collaboration = {},
title = {Fast structural interpretation with structure-oriented filtering},
publisher = {SEG},
year = {2003},
journal = {Geophysics},
volume = {68},
number = {4},
pages = {1286-1293},
keywords = {seismology; geophysical signal processing; mathematical morphology; noise; filtering theory; edge detection; low-pass filters; data analysis; imaging},
url = {http://link.aip.org/link/?GPY/68/1286/1},
doi = {10.1190/1.1598121}
}









