@Article{Abma95,
  author = 	 {R[ay] Abma and J[on] Claerbout},
  title = 	 {Lateral prediction for noise attenuation by $t$-$x$ and $f$-$x$ techniques},
  journal = 	 {Geophysics},
  year = 	 1995,
  volume =	 60,
  pages =	 {1887-1896}
}

@inproceedings{Brown00,
  author =	 {M[organ] Brown and R[obert] G[] Clapp},
  title = 	 {(t,x) domain, patern-based ground roll removal},
  booktitle =    {70th Annual International Meeting},
  year = 	 {2000},
  publisher =    {SEG, Expanded Abstracts},
  pages =        {2103-2106}
}

@inproceedings{Canales84,
  author = 	 {L[] L[] Canales},
  title = 	 {Random noise reduction},
  booktitle =    {54th Annual International Meeting},
  year = 	 {1984},
  publisher =    {SEG, Expanded Abstracts},
  pages =        {Session: S10.1}
} 

@Article{French74,
  author = 	 {W[illiam] S[] French},
  title = 	 {Two-dimensional and three-dimensional migration of model-experiment reflection profiles},
  journal = 	 {Geophysics},
  year = 	 1974,
  volume =	 39,
  pages =	 {265-277}
}

@Article{Liu11a,
  author =	 {Y[ang] Liu and S[ergey] Fomel},
  title = 	 {Seismic data interpolation beyond aliasing using regularized nonstationary autoregression},
  journal = 	 {Geophysics},
  year = 	 2011,
  volume =	 76,
  pages =	 {V69-V77}
}
@inproceedings{Liu11b,
  author =	 {Y[ang] Liu and C[ai] Liu},
  title = 	 {Nonstationary signal and noise separation using adaptive prediction-error filter},
  booktitle =    {81st Annual International Meeting},
  year = 	 {2011},
  publisher =    {SEG, Expanded Abstracts},
  pages =        {3601-3606}
}

@Article{Liu12,
  author = 	 {G[] C[] Liu and X[] H[] Chen and J[] Du and K[] L[] Wu},
  title = 	 {Random noise attenuation using $f$-$x$ regularized nonstationary autoregression},
  journal = 	 {Geophysics},
  year = 	 2012,
  volume =	 77,
  pages =	 {V61-V69}
}

@Article{Liu13,
  author = 	 {G[] C[] Liu and X[] H[] Chen},
  title = 	 {Noncausal $f$-$x$-$y$ regularized nonstationary prediction filtering for random noise attenuation on 3{D} seismic data},
  journal = 	 {Journal of Applied Geophysics},
  year = 	 2013,
  volume =	 93,
  pages =	 {60-66}
}

@Article{Naghizadeh09,
  author = 	 {M[] Naghizadeh and M[] Sacchi},
  title = 	 {$f$-$x$ adaptive seismic-trace interpolation},
  journal = 	 {Geophysics},
  year = 	 2009,
  volume =	 74,
  pages =	 {V9-V16}
}

@PhdThesis{Guitton05,
  author = 	 {A[ntoine] Guitton},
  title = 	 {Multidimenstion seismic noise attenuation},
  school = 	 {Stanford University},
  year = 	 2005
}

@Article{Ristau01,
  author = 	 {J[] P[] Ristau and W[] M[] Moon},
  title = 	 {Adaptive filtering of random noise in {2-D} geophysical data},
  journal = 	 {Geophysics},
  year = 	 2001,
  volume =	 66,
  pages =	 {342-349}
}

@Article{Karsli06,
  author = 	 {H[akan] Karsli and D[erman] Dondurur and G[{\"u}nay] {\c C}if{\c c}i},
  title = 	 {Application of complex-trace analysis to seismic data for random-noise suppression and temporal resolution improvement},
  journal = 	 {Geophysics},
  year = 	 2006,
  volume =	 71,
  pages =	 {V79-V86}
}

@inproceedings{Gulunay86,
  author =	 {N[] Gulunay},
  title = 	 {Fx decon and complex {W}iener prediction filter},
  booktitle =    {56th Annual International Meeting},
  year = 	 {1986},
  publisher =    {SEG, Expanded Abstracts},
  pages =        {Session: POS2.10}
}

@Article{Gulunay00,
  author = 	 {N[] Gulunay},
  title = 	 {Noncausal spatial prediction filtering for random noise reduction on {3-D} poststack data},
  journal = 	 {Geophysics},
  year = 	 2000,
  volume =	 65,
  pages =	 {1641-1653}
}

@Article{Claerbout00,
  author = 	 {J[on] F[] Claerbout and S[ergey] Fomel},
  title = 	 {Spitz makes a better assumption for the signal {PEF}},
  journal = 	 {SEP report},
  year = 	 2000,
  volume =	 103,
  pages =	 {205-213}
}

@book{Claerbout10,
   author =       {J[on] F[] Claerbout},
   publisher =    {Stanford Exploration Project, http://sepwww.stanford.edu/sep/prof/},
   title =        {Geophysical image estimation by example - {M}ultidimensional autoregression},
   year =         {2010}
}

@book{Claerbout92,
   author =       {J[on] F[] Claerbout},
   publisher =    {Blackwell Scientific Publications},
   title =        {{Earth Soundings Analysis: Processing Versus Inversion}},
   year =         {1992}
}

@Article{Hestenes52,
  author = 	 {M[agnus] R[] Hestenes and E[duard] Stiefel},
  title = 	 {Methods of conjugate gradients for solving linear systems},
  journal = 	 {Journal of Research of the National Bureau of Standards},
  year = 	 1952,
  volume =	 49,
  pages =	 {409-436}
}

@Article{Fomel07,
  author = 	 {S[ergey] Fomel},
  title = 	 {Shaping regularization in geophysical-estimation problems},
  journal = 	 {Geophysics},
  year = 	 2007,
  volume =	 72,
  pages =	 {R29-R36}
}

@Article{Fomel09,
  author = 	 {S[ergey] Fomel},
  title = 	 {Adaptive multiple subtraction using regularized nonstationary regression},
  journal = 	 {Geophysics},
  year = 	 2009,
  volume =	 74,
  pages =	 {V25-V33}
}

@Book{Tikhonov63,
  author =	 {A[] N[] Tikhonov},
  title = 	 {{Solution of Incorrectly Formulated Problems and the Regularization Method}},
  publisher = 	 {Soviet Mathematics -- Doklady},
  year = 	 1963,
  pages =        {1035-1038}
}

@Book{Claerbout09,
  author =	 {J[on] F[] Claerbout},
  title = 	 {Basic Earth Imaging},
  publisher = 	 {Stanford Exploration Project, 
                 \texttt{http://sepwww.stanford.edu/sep/prof/}},
  year = 	 2009
}

@inproceedings{Crawley99,
  author =	 {S[] Crawley and J[] F[] Claerbout and R[] Clapp},
  title = 	 {Interpolation with smoothly nonstationary prediction-error filters},
  booktitle =    {69th Annual International Meeting},
  year = 	 {1999},
  publisher =    {SEG, Expanded Abstracts},
  pages =        {1154-1157}
}

@Article{Fomel02,
  author = 	 {S[] Fomel},
  title = 	 {Applications of plane-wave destruction filters},
  journal = 	 {Geophysics},
  year = 	 2002,
  volume =	 67,
  pages =	 {1946-1960}
}

@Article{Fomel10,
  author = 	 {S[ergey] Fomel and Y[ang] Liu},
  title = 	 {Seislet transform and seislet frame},
  journal = 	 {Geophysics},
  year = 	 2010,
  volume =	 {75},
  pages =	 {V25-V38}
}

@inproceedings{Lu07,
  author =	 {W[] Lu and J[un] Liu},
  title = 	 {Random noise suppression based on discrete cosine transform},
  booktitle =    {77th Annual International Meeting},
  year = 	 {2007},
  publisher =    {SEG, Expanded Abstracts},
  pages =        {2668-2672}
}

@inproceedings{Sacchi09,
  author =	 {M[] Sacchi and M[] Naghizadeh},
  title = 	 {Adaptive linear prediction filtering for random noise attenuation},
  booktitle =    {79th Annual International Meeting},
  year = 	 {2009},
  publisher =    {SEG, Expanded Abstracts},
  pages =        {3347-3351}
}

@Article{Sacchi01,
  author = 	 {M[] Sacchi and H[] Kuehl},
  title = 	 {{ARMA} formulation of {FX} prediction error filters and projection filters},
  journal = 	 {Journal of Seismic Exploration},
  year = 	 2001,
  volume =	 {9},
  pages =	 {185-197}
}

@Article{Liu09,
  author = 	 {Y[] Liu and C[] Liu and D[] Wang},
  title = 	 {A {1D} time-varying median filter for seismic random, spike-like noise elimination},
  journal = 	 {Geophysics},
  year = 	 2009,
  volume =	 74,
  pages =	 {V17-V24}
}


@inproceedings{Liu10b,
  author = 	 {Y[ang] Liu and S[ergey] Fomel},
  title = 	 {Trace interpolation beyond aliasing using regularized nonstationary autoregression},
  booktitle =    {80th Annual International Meeting},
  year = 	 {2010},
  publisher =    {SEG, Expanded Abstracts},
  pages =        {3662-3667}
} 

@inproceedings{Liu10a,
  author = 	 {Y[ang] Liu and S[ergey] Fomel},
  title = 	 {Local time-frequency transform and its application to ground-roll noise attenuation},
  booktitle =    {80th Annual International Meeting},
  year = 	 {2010},
  publisher =    {SEG, Expanded Abstracts},
  pages =        {3711-3716}
} 

@Article{Liu10c,
  author = 	 {Y[ang] Liu and S[ergey] Fomel},
  title = 	 {{OC}-seislet: seislet transform construction with differential offset continuation},
  journal = 	 {Geophysics},
  year = 	 2010,
  volume =	 {75},
  pages =	 {WB235-WB245}
}

@Article{Neelamani08,
  author = 	 {R[amesh] Neelamani and A[natoly] I[] Baumstein and D[ominique] G[] Gillard and M[ohamed] T[] Hadidi and W[illiam] I[] Soroka},
  title = 	 {Coherent and random noise attenuation using the curvelet transform},
  journal = 	 {The Leading Edge},
  year = 	 2008,
  volume =	 27,
  pages =	 {240-248}
}

@BOOK{Yilmaz01,
  author  =	 {{\"{O}}[] Yilmaz},
  title  = 	 {Seismic data analysis: {P}rocessing, inversion and interpretation of seismic data},
  publisher  = 	 {Society of Exploration Geophysics},
  year   = 	 {2001}
}

@Article{Liu99,
  author = 	 {X[uewei] Liu},
  title = 	 {Ground roll suppression using the {Karhunen-Loeve} transform},
  journal = 	 {Geophysics},
  year = 	 1999,
  volume =	 64,
  pages =	 {564-566}
}

@Article{Askari08,
  author = 	 {R[] Askari and H[] R[] Siahkoohi},
  title = 	 {Ground roll attenuation using the {S} and x-f-k transforms},
  journal = 	 {Geophysical Prospecting},
  year = 	 2008,
  volume =	 56,
  pages =	 {105-114}
}

@inproceedings{Yarham08,
   author =      {C[arson] Yarham and F[elix] J[] Herrmann},
   booktitle =   {78th Annual International Meeting},
   pages =       {2576-2580},
   publisher =   {SEG, Expanded Abstracts},
   title =       {Bayesian ground-roll separation by curvelet-domain sparsity promotion},
   year =        {2008}
}

@book{Claerbout.blackwell.92,
   author = {J[on] F[] Claerbout},
   publisher = {Blackwell Scientific Publications},
   title = {{Earth Soundings Analysis: Processing Versus Inversion}},
   year = {1992}
}

@Book{gee,
  author =       {J[on] Claerbout},
  title =        {{G}eophysical estimation by example: {E}nvironmental soundings image enhancement},
  publisher =    {Stanford Exploration Project},
  year =         {1999},
  address =      {http://sepwww.stanford.edu/sep/prof/}
}


@book{Claerbout.fgdp.76,
   author = {J[on] F[] Claerbout},
   publisher = {Blackwell},
   title = {Fundamentals of Geophysical Data Processing},
   year = {1976}
}

@book{Claerbout.blackwell.85,
   author = {J[on] F[] Claerbout},
   publisher = {Blackwell Scientific Publications},
   title = {{Imaging the Earth's Interior}},
   year = {1985}
}

@Article{m8r,
  author = {S. Fomel and P. Sava and I. Vlad and Y. Liu and
                 V. Bashkardin},
  title = {Madagascar: open-source software project for
              multidimensional data analysis and reproducible 
              computational experiments},
  journal = 	 {Journal of Open Research Software},
  year = 	 2013,
  volume = 	 1,
  number = 	 1,
  pages = 	 {e8},
  doi =          {http://dx.doi.org/10.5334/jors.ag}
}
