%@Book{ls,
%  author =	 {\o{A}[ke] Bj\"{o}rck},
%  title = 	 {Numerical methods for least squares problems},
%  publisher = 	 {SIAM},
%  year = 	 1996
%}

@Book{lsq,
  author =	 {A[ke] Bj\"{o}rck},
  title = 	 {Numerical methods for least squares problems},
  publisher = 	 {SIAM},
  year = 	 1996
}

@Book{yilmaz,
  author =       {O[] Yilmaz},
  title =        {Seismic Data Analysis},
  publisher =    {Soc. of Expl. Geophys.},
  year =         2000
}

@Article{gelchinsky,
  author = 	 {B[] Gelchinsky and A[] Berkovitch and S[] Keydar},
  title = 	 {Multifocusing homeomorphic imaging -- {Part} 1. {Basic} concepts and formulas},
  journal = 	 {Journal of Applied Geophysics},
  year = 	 1999,
  volume =	 42,
  pages =	 {229-242}
}

@Article{gelchinsky2,
  author = 	 {B[] Gelchinsky and A[] Berkovitch and S[] Keydar},
  title = 	 {Multifocusing homeomorphic imaging -- {Part} 2. Multifold data set and multifocusing},
  journal = 	 {Journal of Applied Geophysics},
  year = 	 1999,
  volume =	 42,
  pages =	 {243-260}
}

@Article{saudi,
  author = 	 {G[] Gierse and J[] Pruessmann and R[] Coman},
  title = 	 {{CRS} strategies for solving severe static and imaging issues in seismic data from {Saudi} {Arabia}},
  journal = 	 {Geophysical Prospecting},
  year = 	 2006,
  volume =	 54,
  pages =	 {709-719}
}

@Article{topography,
  author = 	 {Z[] Heilmann and J[] Mann and I[] Koglin},
  title = 	 {{CRS}-stack-based seismic imaging considering top-surface topography },
  journal = 	 {Geophysical Prospecting},
  year = 	 2006,
  volume =	 54,
  pages =	 {681-695}
}

@Article{basin,
  author = 	 {E[] Menyoli and D[] Gajewski and C[] H\"{u}bscher},
  title = 	 {Imaging of complex basin structures with the common reflection surface ({CRS}) stack method },
  journal = 	 {Geophysical Journal International},
  year = 	 2004,
  volume =	 157,
  pages =	 {1206-1216}
}

@Article{landa,
  author = 	 {E[] Landa and B[] Gurevich and S[] Keydar and P[] Trachtman},
  title = 	 {Application of multifocusing method for subsurface imaging},
  journal = 	 {Journal of Applied Geophysics},
  year = 	 1999,
  volume =	 42,
  pages =	 {283-300}
}

@Article{tygel2,
  author = 	 {M[] Tygel and L[] T[] Santos and J[] Schleicher},
  title = 	 {Multifocus moveout revisited: derivations and alternative expressions},
  journal = 	 {Journal of Applied Geophysics},
  year = 	 1999,
  volume =	 42,
  pages =	 {319-331}
}

@Article{tygel,
  author = 	 {M[] Tygel and L[] T[] Santos},
  title = 	 {Quadratic normal moveouts of symmetric reflections in elastic media: {A} quick tutorial},
  journal = 	 {Studia Geophysica et Geodaetica},
  year = 	 2007,
  volume =	 51,
  pages =	 {185-206}
}

@Article{hyper,
  author = 	 {S[] Fomel and A[] Stovas},
  title = 	 {Generalized nonhyperbolic moveout approximation},
  journal = 	 {Geophysics},
  year = 	 2010,
  volume =	 75,
  pages =        {U9-U18}
}

@Article{sigma,
  author = 	 {E[] Landa and S[] Keydar and T[] J[] Moser},
  title = 	 {Multifocusing revisited -- {Inhomogeneous media and curved interfaces}},
  journal = 	 {Geophysical Prospecting},
  year = 	 2010,
  volume =	 58,
  pages  =       {925-938}
}

@Article{mirror,
  author = 	 {G[] Glaeser},
  title = 	 {Reflections on spheres and cylinders of revolution},
  journal = 	 {Journal for Geometry and Graphics},
  year = 	 1999,
  volume = 	 3,
  pages = 	 {121-139}}

@Article{stovas,
  author =       {A[lexey] M[ikhailovich] Stovas and S[ergey]
                  B[orisovich] Fomel},
  title =        {Kinematically equivalent integral {DMO} operators},
  journal =      {Russian Geology and Geophysics},
  year =         1996,
  volume =       37,
  number =       2,
  pages =        {102-113}
}

@Article{interp,
  author = 	 {G[erman] Hoecht and P[atrice] Ricarte and S[teffen] Bergler and E[vgeny] Landa},
  title = 	 {Operator-oriented {CRS} interpolation},
  journal = 	 {Geophysical Prospecting},
  year = 	 2009,
  volume = 	 57,
  number = 	 6,
  pages = 	 {957-979}}

@inproceedings{revisited,
   author = {T[] J[] Moser and E[] Landa},
   booktitle = {71st Mtg.},
   publisher = {Eur. Assn. Geosci. Eng.},
   title = {Multifocusing Revisited -- Inhomogeneous Media and Curved Interfaces},
   year = {2009}
}

@article{jager,
   author = {R[] J\"{a}ger and J[] Mann and G[] Hocht and P[] Hubral},
   journal = {Geophysics},
   number = {1},
   pages = {97-109},
   publisher = {Soc. of Expl. Geophys.},
   title = {Common-reflection-surface stack: {Image} and attributes},
   volume = {66},
   year = {2001}}
