@Book{yilmaz,
  author = {O[] Yilmaz},
  title = {Seismic data analysis},
  publisher = {SEG},
  year = 2001
}
@Article{yilmaz2,
  author = {O[] Yilmaz and I[] Tanir and C[] Gregory},
  title = {A unified 3-D seismic workflow},
  journal = {Geophysics},
  year = 2001,
  volume = 66,
  pages = {1699-1713}
}
@Book{robein,
  author = {E[] Robein},
  title = {Velocities, time-imaging and depth-imaging in reflection seismics},
  publisher = {EAGE},
  year = 2003
}
@Article{fomel1,
  author = {S[] Fomel},
  title = {Time-migration velocity analysis by velocity continuation},
  journal = {Geophysics},
  year = 2003,
  volume = 68,
  pages = {1662-1672}
}
@Article{hubral,
  author = {P[] Hubral},
  title = {Time migration\textemdash some ray theoretical aspects},
  journal = {Geophysical Prospecting},
  year = 1977,
  volume = 25,
  pages = {738-745}
}
@Article{dix,
  author = {C[] H[] Dix},
  title = {Seismic velocities from surface measurements},
  journal = {Geophysics},
  year = 1955,
  volume = 20,
  pages = {68-86}
}
@Article{cameron1,
  author = {M[] Cameron and S[] Fomel and J[] Sethian},
  title = {Seismic velocity estimation from time migration},
  journal = {Inverse Problems},
  year = 2007,
  volume = 23,
  pages = {1329-1369}
}
@Article{cameron2,
  author = {M[] Cameron and S[] Fomel and J[] Sethian},
  title = {Time-to-depth conversion and seismic velocity estimation using time-migration velocity},
  journal = {Geophysics},
  year = 2008,
  volume = 73,
  issue = 5,
  pages = {VE205-VE210}
}
@Article{cameron3,
  author = {M[] Cameron and S[] Fomel and J[] Sethian},
  title = {Analysis and Algorithms for a Regularized {C}auchy Problem arising from 
a Nonlinear Elliptic {PDE} for Seismic Velocity Estimation},
  journal = {Journal of Computational Physics},
  year = 2009,
  volume = 228,
  pages = {7388-7411}
}
@Article{sethian,
  author = {J[] Sethian},
  title = {Fast marching methods},
  journal = {SIAM Review},
  year = 1999,
  volume = 41,
  pages = {199-235}
}
@Article{sethian2,
  author = {J[] A[] Sethian and A[] M[] Popovici},
  title = {3-{D} imaging using higher order fast marching traveltimes},
  journal = {Geophysics},
  year = 1999,
  volume = 64,
  pages = {516-523}
}
@ARTICLE{franklin,
  author ={J[] B[] Franklin and J[] M[] Harris},
  title = {A fast marching level set method for monotonically advancing fronts},
  journal = {Journal of Computational Acoustics},
  year = {2001},
  volume = {9},
  pages = {1095-1109}
}
@Article{fomel2,
  author = {S[] Fomel},
  title = {Shaping regularization in geophysical estimation problems},
  journal = {Geophysics},
  year = 2007,
  volume = 72,
  issue = 2,
  pages = {R29-R36}
}
@ARTICLE{hestenes,
  author ={M[] R[] Hestenes and E[] Stiefel},
  title = {Method of conjugate gradients for solving linear systems},
  journal = {Journal of Research of the National Bureau of Standards},
  year = {1952},
  volume = {49},
  pages = {409-436}
}
@ARTICLE{tikhonov,
  author ={A[] N[] Tikhonov},
  title = {Solution of incorrectly formulated problems and the regularization method},
  journal = {Sovet Math. Dokl.},
  year = {1963},
  pages = {1035-1038}
}
@BOOK{claerbout,
  author ={J[] F[] Claerbout},
  title = {Basic Earth Imaging},
  publisher = {http://sepwww.stanford.edu/sep/prof/bei10.2008.pdf},
  year = {1996}
}
@Article{fomel3,
  author = {S[] Fomel and E[] Landa and M[] T[] Taner},
  title = {Post-stack velocity analysis by separation and imaging of seismic diffractions},
  journal = {Geophysics},
  year = 2007,
  volume = 72,
  pages = {U89-U94}
}
@BOOK{popov,
  author ={M[] M[] Popov},
  title = {Ray theory and {G}aussian beam method for geophysicists},
  publisher = {EDUFBA},
  year = {2002}
}
@Article{iversen,
  author = {E[] Iversen and M[] Tygel},
  title = {Image-ray tracing for joint 3{D} seismic velocity estimation and 
time-to-depth conversion},
  journal = {Geophysics},
  year = 2008,
  volume = 73,
  pages = {S99-S114}
}
@Article{bertsekas,
  author = {D[] Bertsekas},
  title = {Enlarging the region of convergence of {N}ewton's method for constrained optimization},
  journal = {Journal of Optimization Theory and Applications},
  year = 1982,
  volume = 36,
  pages = {221-251}
}
@BOOK{bjorck,
  author ={A[] Bj\"{o}rck},
  title = {Numerical Methods for Least Squares Problems},
  publisher = {SIAM},
  year = {1996}
}
@ARTICLE{li1,
  author = {S[] Li and S[] Fomel and A[] Vladimirsky},
  title = {Improving wave-equation fidelity of {G}aussian beams by solving the complex eikonal equation},
  journal = {71st Annual International Meetings, SEG Expanded Abstracts},
  year = {2011},
  pages = {3829-3834}
}
@Article{bevc1,
  author = {D[] Bevc},
  title = {Imaging complex structures with semirecursive {K}irchhoff migration},
  journal = {Geophysics},
  year = 1997,
  volume = 62,
  pages = {577-588}
}
@Article{bevc2,
  author = {D[] Bevc and J[] L[] Black and G[] Palacharla},
  title = {Plumes: {R}esponse of time migration to lateral velocity variation},
  journal = {Geophysics},
  year = 1995,
  volume = 60,
  pages = {1118-1127}
}
@Article{black,
  author = {J[] L[] Black and M[] A[] Brzostowski},
  title = {Systematics of time migration errors},
  journal = {Geophysics},
  year = 1994,
  volume = 59,
  pages = {1419-1434}
}
@BOOK{engl,
  title = {Regularization of inverse problems},
  publisher = {Kluwer Academic Publishers},
  year = {1996},
  author = {H[] W[] Engl and M[] Hanke and A[] Neubauer}
}
@BOOK{zhdanov,
  title = {Geophysical inverse theory and regularization problems},
  publisher = {Elsevier Science},
  year = {2002},
  author = {M[] Zhdanov}
}
@Book{chapman,
  author = {C[] Chapman},
  title = {Fundamentals of seismic wave propagation},
  publisher = {Cambridge University Press},
  year = 2004
}
@Book{evans,
  author = {L[] C[] Evans},
  title = {Partial Differential Equations},
  publisher = {American Mathematical Society},
  year = 2010
}
@Article{larner,
  author = {K[] L[] Larner and L[] Hatton and B[] S[] Gibson and I[] S[] Hsu},
  title = {Depth migration of imaged time sections},
  journal = {Geophysics},
  year = 1981,
  volume = 46,
  pages = {734-750}
}
@Article{li2,
  author = {S[] Li and S[] Fomel},
  title = {Kirchhoff migration using eikonal-based computation of traveltime source-derivatives},
  journal = {Geophysics},
  year = 2013,
  volume = 78,
  issue = 4,
  pages = {S211-S219}
}
@Article{li3,
  author = {S[] Li and A[] Vladimirsky and S[] Fomel},
  title = {First-break traveltime tomography with the double-square-root eikonal equation},
  journal = {Geophysics},
  year = 2013,
  volume = 78,
  issue = 6,
  pages = {U89-U101}
}
@Article{xu,
  author = {S[] Xu and H[] Chauris and G[] Lambar\'{e} and M[] Noble},
  title = {Common-angle migration: {A} strategy for imaging complex media},
  journal = {Geophysics},
  year = 2001,
  volume = 66,
  pages = {1877-1894}
}
@Article{klokov,
  author = {A[] Klokov and S[] Fomel},
  title = {Separation and imaging of seismic diffractions using migrated dip-angle gathers},
  journal = {Geophysics},
  year = 2012,
  volume = 77,
  issue = 6,
  pages = {S131-S143}
}
@Book{press,
  author = {W[] H[] Press and S[] A[] Teukolsky and W[] T[] Vetterling and B[] P[] Flannery},
  title = {Numerical recipes: {T}he art of scientific computing},
  publisher = {Cambridge University Press},
  year = 2007
}
@ARTICLE{bartel,
  author = {D[] Bartel and M[] Busby and J[] Nealon and J[] Zaske},
  title = {Time to depth conversion and uncertainty assessment using average velocity modeling},
  journal = {66th Annual International Meetings, SEG Expanded Abstracts},
  year = {2006},
  pages = {2166-2170}
}
@Article{lynn,
  author = {W[] S[] Lynn and J[] F[] Claerbout},
  title = {Velocity estimation in laterally varying media},
  journal = {Geophysics},
  year = 1982,
  volume = 47,
  pages = {884-897}
}
@ARTICLE{shen,
  author = {P[] Shen and W[] W[] Symes},
  title = {Automatic velocity analysis via shot profile migration},
  journal = {Geophysics},
  year = {2008},
  volume = {73},
  issue = {5},
  pages = {VE49-VE59}
}
@ARTICLE{sava1,
  author = {P[] Sava and B[] Biondi},
  title = {Wave-equation migration velocity analysis, {I}. {T}heory},
  journal = {Geophysical Prospecting},
  year = {2004},
  volume = {52},
  issue = {5},
  pages = {593-606}
}
@ARTICLE{sava2,
  author = {P[] Sava and B[] Biondi},
  title = {Wave-equation migration velocity analysis, {II}. {S}ubsalt imaging examples},
  journal = {Geophysical Prospecting},
  year = {2004},
  volume = {52},
  issue = {5},
  pages = {607-623}
}
@ARTICLE{woodward,
  author = {M[] J[] Woodward and D[] Nichols and O[] Zdraveva and P[] Whitfield and T[] Johns},
  title = {A decade of tomography},
  journal = {Geophysics},
  year = {2008},
  volume = {73},
  issue = {5},
  pages = {VE5-VE11}
}
@ARTICLE{albertin,
  author = {U[] Albertin},
  title = {An improved gradient computation for adjoint wave‚Äêequation reflection tomography},
  journal = {81st Annual International Meeting, SEG, Expanded Abstracts},
  year = {2011},
  pages = {3969-3973}
}
@ARTICLE{haddon,
  author = {R[] A[] W[] Haddon and P[] W[] Buchen},
  title = {Use of {K}irchhoff's formula for body wave calculations in the earth},
  journal = {Geophysical Journal of the Royal Astronomical Society},
  year = {1981},
  volume = {67},
  pages = {587-598}
}
@ARTICLE{bishop,
  author = {T[] N[] Bishop and K[] P[] Bube and R[] T[] Cutler and R[] T[] Langan and P[] L[] Love and J[] R[] Resnick and R[] T[] Shuey and D[] A[] Spindler and H[] W[] Wyld},
  title = {Tomographic determination of velocity and depth in laterally varying media},
  journal = {Geophysics},
  year = {1985},
  volume = {50},
  pages = {903-923}
}
@ARTICLE{stork,
  author = {C[] Stork and R[] W[] Clayton},
  title = {Using constraints to address the instabilities of automated prestack velocity analysis},
  journal = {Geophysics},
  year = {1992},
  volume = {57},
  pages = {404-419}
}
@Book{cerveny,
  author = {V[] \v{C}erven\'{y}},
  title = {Seismic Ray Theory},
  publisher = {Cambridge University Press},
  year = 2001
}