
@Book{cohen,
  author = {J[] K[] Cohen and J[] W[] Stockwell},
  title =  {{CWP/SU}: {Seismic} {Un*x} {Release} {No.} 42: an open source software package for seismic research and processing},
  publisher = 	 {Center for Wave Phenomena, Colorado School of Mines},
  year = 2010
}

@Book{forel,
  author =	 {D[] Forel and T[] Benz and W[] D[] Pennington},
  title = 	 {Seismic Data Processing with {Seismic} {Un*x}},
  publisher = 	 {Society of Exploration Geophysicists},
  year = 	 2005
}

@Book{scales,
  author =	 {J[] A[] Scales},
  title = 	 {Theory of Seismic Imaging},
  publisher = 	 {Samizdat Press, \url{http://www.samizdat.mines.edu/imaging}},
  year = 	 1997
}

@Book{stockwell,
  author =	 {J[] W[] Stockwell},
  title = 	 {Geophysical Image Processing with {Seismic} {Unix}: Course notes for {GPGN461/561}},
  publisher = 	 {Colorado School of Mines, \url{http://www.cwp.mines.edu/~john/GPGN461.561}},
  year = 	 2011
}
