@book{akirichards,
author="Aki, K. and Richards, P.",
title="Quantitative seismology",
publisher="Freeman and Co.",
year="1980"
}

@inproceedings{slawson95,
  author =	 {S. E. Slawson and D. J. Monk and V. Sudhakar},
  year =	 {1995},
  title =	 {{DMO} implications for {3-D} survey design},
  meeting =	 {65th Annual Internat. Mtg., Soc. Expl. Geophys.},
  booktitle =	 {Expanded Abstracts},
  pages =	 {935-938}
}

@inproceedings{amoco25d,
  author =	 {J. Etgen and C. Regone},
  year =	 {1998},
  title =	 {Strike shooting, dip shooting, widepatch shooting - {Does} prestack depth migration care? {A} model study.},
  meeting =	 {68th Annual Internat. Mtg., Soc. Expl. Geophys.},
  booktitle =	 {Expanded Abstracts},
  pages =	 {66-69}
}

@InCollection{amoco25dsepdatalib,
  author =	 {J. Dellinger},
  title =	 {Amoco {2.5D}},
  booktitle =	 {{SEP} Data Library},
  publisher =	 {Stanford Exploration Project},
  year =	 1999
}

@Book{arfken,
  author =       {G. Arfken},
  title =        {Mathematical Methods for Physicists},
  publisher =    {Academic Press Inc.},
  year =         1985,
  address =      {San Diego},
  edition =      {3rd}
}

@Article{baskir75,
  author =       {E. Baskir and C. E. Weller},
  title =        {Sourceless reflection seismic exploration},
  journal =      {Geophysics},
  year =         1975,
  volume =       40,
  number =       1,
  pages =        {158-159},
  month =        {February}
}

@book{bei,
   author = {J[on] F[] Claerbout},
   publisher = {Stanford Exploration Project},
   title = {Basic Earth Imaging},
   year = {1995}
}

@sepreport{ffdpi,
  title = {Stable wide-angle {F}ourier-finite difference downward extrapolation of {3-D} wavefields},
  author = {B[iondo] Biondi},
  pages = {79--103},
  type = {SEP-Report},
  organization = {SEP},
  year = {2000},
  journal = {SEP-Report},
  volume = {103},
  url = {http://sepwww.stanford.edu/private/docs/sep103/biondo1/paper_html/index.html,http://sepwww.stanford.edu/private/docs/sep103/biondo1.ps.gz,http://sepwww.stanford.edu/private/docs/sep103/biondo1.tar.gz}
}


@Book{berkhout,
  author =	 {A. J. Berkhout},
  title = 	 {Seismic migration},
  publisher = 	 {Elsevier Science Publ. Co., Inc.},
  year = 	 1985,
  address =	 {Amsterdam}
}

@Article{berryman2000,
  author = 	 {James G. Berryman},
  title = 	 {Analysis of approximate inverses in tomography {I.}
                  {Resolution} analysis of common inverses},
  journal = 	 {Optimization and Engineering},
  year = 	 2000,
  number =	 1,
  pages =	 {87-115}
}

@Booklet{3dsi,
  title =	 {{3-D} Seismic Imaging},
  author =	 {B. L. Biondi},
  howpublished = {http://sepwww.stanford.edu/sep/biondo/research.html},
  year =	 1997
}

@Article{bleistein87,
  author = 	 {N. Bleistein},
  title = 	 {On the imaging of reflectors in the earth},
  journal = 	 {Geophysics},
  year = 	 1987,
  volume =	 52,
  pages =	 {931-942},
  annote =	 {Derives Kirchhoff inverse operator from Beylkin's paper}
}

@Article{claerbout68,
  author = 	 {J. F. Claerbout},
  title = 	 {Synthesis of a layered medium from its acoustic
                  transmission response},
  journal = 	 {Geophysics},
  year = 	 1968,
  volume =	 33,
  number =	 2,
  pages =	 {264-269}
}

@Article{claerbout71,
  author = 	 {J. F. Claerbout},
  title = 	 {Toward a unified theory of reflector mapping},
  journal = 	 {Geophysics},
  year = 	 1971,
  volume =	 36,
  number =	 3,
  pages =	 {467-481},
  annote =	 {Provides original equation "map=U/D".}
}

@Article{clayton81,
  author = 	 {R. W. Clayton and R. H. Stolt},
  title = 	 {A {Born}-{WKBJ} inversion method for acoustic
                  reflection data},
  journal = 	 {Geophysics},
  year = 	 1981,
  volume =	 46,
  number =	 11,
  pages =	 {1559-1567}
}

@article{commonazimuth,
  author =	 {Biondi, B. and Palacharla, G.},
  year =	 {1996},
  title =	 {{3-D} prestack migration of common-azimuth data},
  journal =	 {Geophysics},
  volume =	 {61},
  number =	 {6},
  pages =	 {1822-1832}
}

@Article{debruin91,
  author = 	 {C. G. M. {de Bruin} and C. P. A. Wapenaar and
                  A. J. Berkhout},
  title = 	 {Angle-dependent reflectivity by means of prestack migration},
  journal = 	 {Geophysics},
  year = 	 1991,
  volume =	 55,
  number =	 9,
  pages =	 {1223-1234},
  annote =	 {Reflectivity as a non-diagonal matrix.}
}

@Article{dellinger2000,
  author =	 {J. A. Dellinger and S. H. Gray and Gary E. Murphy
                  and J. T. Etgen},
  title =	 {Efficient {2.5-D} true-amplitude migration},
  journal = 	 {Geophysics},
  year = 	 2000,
  volume =	 65,
  number =	 3,
  pages =	 {943-950},
  annote =	 {Uses constant velocity true-amplitude weights
                  instead of full weights to get almost as good
                  results.}
}

@article{docherty91,
  author =	 {Docherty, P.},
  year =	 1991,
  title =	 {A brief comparison of some {Kirchhoff} integral
                  formulas for migration and inversion},
  journal =	 {Geophysics},
  volume =	 56,
  number =	 8,
  pages =	 {1164-1169},
  annote =       {Shows shot-profile migration with U/D is equivalent to
                  Bleistein's 1987 inversion paper.}
}

@Article{duquet2000,
  author = 	 {B. Duquet and K. J. Marfurt and J. A. Dellinger},
  title = 	 {Kirchhoff modeling, inversion for reflectivity, and
                  subsurface illumination},
  journal = 	 {Geophysics},
  year = 	 2000,
  volume =	 65,
  number =	 4,
  pages =	 {1195-1209}
}

@Article{ebrom,
  author =	 {D. Ebrom and P. Krail and D. Ridyard and L. Scott},
  title =	 {{4-C/4-D} at {Teal South}},
  journal =	 {The Leading Edge},
  year =	 1998,
  volume =	 17,
  number =	 10,
  pages =	 {1450-1453},
  month =	 {October}
}

@inproceedings{etgen94,
  author =	 {J[ohn] T[] Etgen},
  year =	 {1994},
  title =	 {Stability of explicit depth extrapolation through
                  laterally varying media},
  meeting =	 {64th Annual Internat. Mtg., Soc. Expl. Geophys.},
  booktitle =	 {Expanded Abstracts},
  pages =	 {1266-1269}
}

@Article{facxspec,
  author =	 {Claerbout},
  title =	 {Factorization of cross-spectra},
  journal =	 {SEP-97},
  year =	 {1998},
}

@Book{fgdp,
  author =	 {J. F. Claerbout},
  title =	 {Fundamentals of Geophysical Data Processing},
  publisher =	 {Blackwell Scientific Publications, Inc.},
  year =	 1976
}



@InProceedings{flags,
  author =	 {Robert Clapp and Biondo Biondi and Sergey Fomel and
                  Jon Claerbout},
  meeting =	 {68th Annual Internat. Mtg., Soc. Expl. Geophys.},
  booktitle =	 {Expanded Abstracts},
  title =	 {Regularizing velocity estimation using geologic dip
                  information},
  year =	 1998
}

@Book{gaia,
  author =	 {J. E. Lovelock},
  title =	 {Gaia: A New Look at Life on Earth},
  publisher =	 {Oxford Univ. Press, Inc.},
  year =	 1979
}

@article{gazdag78,
  author =	 {Gazdag, Jeno},
  year =	 {1978},
  title =	 {Wave equation migration with the phase-shift method},
  journal =	 {Geophysics},
  volume =	 {43},
  number =	 {7},
  pages =	 {1342-1351}
}

@Book{gee,
  title =	 {Geophysical Estimation by Example},
  author =	 {J. F. Claerbout},
   publisher = {Stanford Exploration Project},
  year =	 1998
}

@Article{geofizhelix,
  author =	 {J. F. Claerbout},
  title =	 {Multidimensional recursive filters via a helix},
  journal =	 {Geophysics},
  volume =	 {63},
  pages =	 {1532--1541},
  year =	 {1998},
}

@Article{giles,
  author =	 {P. M. Giles and T. L. Duvall and P. H. Scherrer},
  title =	 {A subsurface flow of material from the sun's equator
                  to its poles},
  journal =	 {Nature},
  year =	 1997,
  volume =	 390,
  pages =	 52
}

@Article{goughtoomre,
  author =	 {D. Gough and J. Toomre},
  title =	 {Seismic Observations of the Solar Interior},
  journal =	 {Annual Review of Astronomy and Astrophysics},
  year =	 1991,
  volume =	 29,
  pages =	 {627-685},
  annote =	 {SOI says "Undergraduate/Graduate level text giving a
                  complete overview of helioseismology."}
}

@Article{graves90,
  author =	 {R. W. Graves and R. W. Clayton},
  title =	 {Modeling acoustic waves with paraxial extrapolators},
  journal =	 {Geophysics},
  year =	 1990,
  volume =	 55,
  number =	 3,
  pages =	 {306-319}
}

@Article{gray97,
  title = 	 {True-amplitude seismic migration: A comparison of
                  three approaches},
  author = 	 {Samuel H. Gray},
  journal = 	 {Geophysics},
  year = 	 1997,
  volume =	 62,
  number =	 3,
  pages =	 {929-936}
}

@Article{hale90a,
  author =	 {Hale},
  title =	 {Stable explicit depth extrapolation of seismic
                  wavefields},
  journal =	 {Geophysics},
  year =	 1990,
  volume =	 56,
  number =	 11,
  pages =	 {1770-1777}
}

@Article{hale90b,
  author =	 {Hale},
  title =	 {{3-D} {Depth} migration via {McClellan}
                  transformations},
  journal =	 {Geophysics},
  year =	 1990,
  volume =	 56,
  number =	 11,
  pages =	 {1778-1785}
}

@Article{harvey,
  author =	 {J. Harvey},
  title =	 {Sounding out the sun},
  journal =	 {Physics Today},
  year =	 1995,
  pages =	 {32-38},
  month =	 {October},
  annote =	 {SOI says "An excellent (recommended by us)
                  undergraduate/graduate level article about
                  helioseismology basics, observational
                  helioseismology, new discoveries, and future
                  prospects by a helioseimologist at National Solar
                  Observatory." }
}

@InProceedings{helimig,
  author =	 {James Rickett and Jon Claerbout and Sergey Fomel},
  meeting =	 {68th Annual Internat. Mtg., Soc. Expl. Geophys.},
  booktitle =	 {Expanded Abstracts},
  title =	 {Implicit 3-{D} depth migration by wavefield
                  extrapolation with helical boundary conditions},
  year =	 1998
}

@Article{holberg88,
  author =	 {O. Holberg},
  title =	 {Towards optimum one-way wave propagation},
  journal =	 {Geophys. Prosp.},
  year =	 1988,
  number =	 36,
  pages =	 {99-114}
}

@article{hubral96,
  author =	 {Hubral, P. and Schleicher, J. and Tygel, M.},
  year =	 1996,
  title =	 {A unified approach to {3-D} seismic reflection
                  imaging, {Part I}: {Basic} concepts},
  journal =	 {Geophysics},
  volume =	 61,
  number =	 3,
  pages =	 {742-758}
}

@Book{iei,
  author =	 {J. F. Claerbout},
  title =	 {Imaging the Earth's Interior},
  publisher =	 {Blackwell Scientific Publications, Inc.},
  year =	 1985
}

@Book{iserles,
  author =	 {Arieh Iserles},
  title =	 {A First Course in the Numerical Analysis of
                  Differential Equations},
  publisher =	 {Cambridge Univ. Press},
  year =	 {1996},
}

@PhdThesis{jacobsthesis,
  author = 	 {Allan Jacobs},
  title = 	 {The pre-stack migration of profiles},
  school = 	 {Stanford University},
  year = 	 1982
}

@article{jaramillo99,
  author =	 {Jaramillo, H. H. and Bleistein, N.},
  year =	 {1999},
  title =	 {The link of Kirchhoff migration and demigration to
                  Kirchhoff and Born modeling},
  journal =	 {Geophysics},
  volume =	 {64},
  number =	 {6},
  pages =	 {1793-1805}
}

@InProceedings{jenner,
  author =	 {E. Jenner and M. de Hoop and K. Larner and M. van
                  Stralen},
  meeting =	 {67th Annual Internat. Mtg., Soc. Expl. Geophys.},
  booktitle =	 {Expanded Abstracts},
  title =	 {Imaging using optimal rational approximation to the
                  paraxial wave equation},
  year =	 1997,
  pages =	 {1750-1753}
}

@ARTICLE{kolmog,
  author =	 {A[] N[] Kolmogorov},
  title =	 {Sur l'interpolation et l'extrapolation des suites
                  stationnairres},
  journal =	 {C.R. Acad.Sci.},
  volume =	 208,
  pages =	 {2043-2045},
  year =	 1939
}

@Article{kosovichev,
  author =	 {A. G. Kosovichev},
  title =	 {Inversion Methods in Helioseismology and Solar
                  Tomography},
  journal =	 {submitted to Elsevier Preprint},
  year =	 1999
}

@Article{li91,
  author =	 {Z. Li},
  title =	 {Compensating finite-difference errors in {3-D}
                  migration and modeling},
  journal =	 {Geophysics},
  year =	 1991,
  volume =	 56,
  number =	 10,
  pages =	 {1650-1660}
}

@PhdThesis{lumlthesis,
  author =	 {D. E. Lumley},
  title =	 {Seismic Time-Lapse Monitoring of Subsurface Fluid
                  Flow},
  school =	 {Stanford University},
  year =	 1995
}

@Article{margrave98,
  author =	 {G. F. Margrave},
  title =	 {Theory of nonstationary linear filtering in the
                  {Fourier} domain with application to time-variant
                  filtering},
  journal =	 {Geophysics},
  year =	 1998,
  volume =	 63,
  number =	 1,
  pages =	 {244-259}
}

@InProceedings{marmousi,
  author = 	 {A. Bourgeois and M. Bourget and P. Lailly and
                  M. Poulet and P. Ricarte and R. Versteeg},
  title = 	 {Marmousi, model and data},
  booktitle = 	 {The Marmousi experience: Proc. of 1990 EAEG workshop
                  on practical aspects of seismic data inversion},
  year =	 1991,
  editor =	 {R. Versteeg and G. Grau}
}


@Article{mirevisited,
  author = 	 {A. B. Weglein and R. H. Stolt},
  title = 	 {Migration-inversion revisited (1999)},
  journal = 	 {The Leading Edge},
  year = 	 1999,
  volume =	 18,
  number =	 8,
  pages =	 {950-952},
  month =	 {August}
}

@InCollection{mobilavo,
  author =	 {Robert G. Clapp},
  title =	 {Mobil {AVO}},
  booktitle =	 {{SEP} Data Library},
  publisher =	 {Stanford Exploration Project},
  year =	 1999
}

@Article{mosher96,
  author = 	 {C. C. Mosher and T. H. Keho and A. B. Weglein and
                  D. J. Foster},
  title = 	 {The impact of migration on {AVO}},
  journal = 	 {Geophysics},
  year = 	 1996,
  volume =	 61,
  number =	 6,
  pages =	 {1603-1615}
}



@Article{nemeth99,
  author = 	 {T. Nemeth and C. Wu and G. T. Schuster},
  title = 	 {Least-squares migration of incomplete reflection data},
  journal = 	 {Geophysics},
  year = 	 1999,
  volume =	 64,
  number =	 1,
  pages =	 {208-221},
  annote =	 {Shows A'A is non-diagonal for incomplete recording
                  data. Preconditions full L2 inversion
                  with diagonal approximation. Kirchhoff only.}
}

@PhdThesis{nizarsthesis,
  author = 	 {N[izar] Chemingui},
  title = 	 {Imaging irregularly sampled {3D} prestack data},
  school = 	 {Stanford University},
  year = 	 1999
}

@article{pannshin,
  author =	 {Pann, Keh and Shin, Y.},
  year =	 1976,
  title =	 {A class of convolutional time-varying filters},
  journal =	 {Geophysics},
  volume =	 41,
  number =	 1,
  pages =	 {28-43}
}

@Book{pvi,
  author =	 {J. F. Claerbout},
  title =	 {Earth Soundings Analysis: Processing Versus
                  Inversion},
  publisher =	 {Blackwell Scientific Publications, Inc.},
  year =	 {1992}
}

@inproceedings{resnick87,
  author =	 {J. R. Resnick and P. Ng and K. Larner},
  year =	 {1987},
  title =	 {Amplitude versus offset analysis in the presence of
                  dip}, 
  meeting =	 {57th Annual Internat. Mtg., Soc. Expl. Geophys.},
  booktitle =	 {Expanded Abstracts},
  pages =	 {617-620}
}

@article{ristow94,
  author =	 {Ristow, D. and Ruhl, T.},
  year =	 {1994},
  title =	 {Fourier finite-difference migration},
  journal =	 {Geophysics},
  volume =	 {59},
  number =	 {12},
  pages =	 {1882-1893}
}

@Book{robinsontreitel,
  author =	 {E. A. Robinson and S. Treitel},
  title =	 {Geophysical Signal Analysis},
  publisher =	 {Prentice-Hall, Inc.},
  year =	 1980,
  notes =	 {Excellent reference for least squares filter design,
                  and general time signal analysis}
}


@Article{ronen2000,
  author = 	 {Shuki Ronen and Christopher L. Liner},
  title = 	 {Least-squares {DMO} and migration},
  journal = 	 {Geophysics},
  year = 	 2000,
  volume =	 65,
  number =	 5,
  pages =	 {1364-1371}, 
  annote =       {Reviews history of L2 migration.}
}

@PHDTHESIS{scthesis,
  school =	 {Stanford University},
  author =	 {S[teve] Cole},
  title =	 {Passive seismic and drill-bit experiments using
                  2-{D} arrays},
  year =	 {1995},
  volume =	 {86},
}

@PhdThesis{sergeysthesis,
  author = 	 {Sergey Fomel},
  title = 	 {Three-dimensional seismic data regularization},
  school = 	 {Stanford University},
  year = 	 2000
}

@InProceedings{shotinterp,
  author =	 {Sean Crawley},
  meeting =	 {68th Annual Internat. Mtg., Soc. Expl. Geophys.},
  booktitle =	 {Expanded Abstracts},
  title =	 {Shot interpolation for radon multiple suppression},
  year =	 1998
}

@Article{soimdi,
  author =	 {P. H. Scherrer and R. S. Bogart and R. I. Bush and
                  J. T. Hoeksema and A. G. Kosovichev and J. Schou and
                  W. Rosenberg and L. Springer and T. D. Tarbell and
                  A. Title and C. J. Wolfson and I. Zayer and {the MDI
                  Engineering Team}},
  title =	 {The {Solar Oscillations Investigation} - {Michelson
                  Doppler Imager}},
  journal =	 {Solar Physics},
  volume =	 {162},
  number =	 {1/2},
  pages =	 {129-188},
  month =	 {December},
  year =	 1995
}

@InProceedings{solartomo,
  author =	 {A. G. Kosovichev and T. L. Duvall},
  title =	 {Acoustic tomography of solar convective flows and
                  structures},
  booktitle =	 {Solar Convection and Oscillations and their
                  Relationship},
  pages =	 241,
  year =	 1997,
  editor =	 {F. Pijpers and C. Rosenthal},
  publisher =	 {Kluwer},
  annote = {NEED TO FIX INPROCEEDINGS BUG}
}

@article{stoffa,
  author =	 {Stoffa, P. L. and Fokkema, J. T. and de Luna Freire,
                  R. M. and Kessinger, W. P.},
  year =	 {1990},
  title =	 {Split-step {F}ourier migration},
  journal =	 {Geophysics},
  volume =	 {55},
  number =	 {4},
  pages =	 {410-421}
}

@Book{stoltbenson,
  author =	 {R. H. Stolt and A. K. Benson},
  title = 	 {Seismic Migration},
  publisher = 	 {Geophysical Press},
  year = 	 1986,
  address =	 {London}
}

@Book{tarantola,
  author =       {Albert {Tar\-an\-tola}},
  title =        {Inverse Problem Theory},
  publisher =    {Elsevier Science Publ. Co., Inc.},
  year =         1987,
  address =      {Amsterdam}
}

@sepreport{adjointscaling,
  title = {Spectral Preconditioning},
  author = {J[on] Claerbout and D[ave] Nichols},
  pages = {183--186},
  type = {SEP-Report},
  organization = {SEP},
  year = {1994},
  journal = {SEP-Report},
  volume = {82},
  keywords = {noise(221), amplitudes(88), graphics(68)},
  url = {http://sepwww.stanford.edu/private/docs/sep82/jon2/paper_html/index.html,http://sepwww.stanford.edu/private/docs/sep82/jon2.ps.gz,http://sepwww.stanford.edu/private/docs/sep82/jon2.tar.gz}
}



@sepreport{oclib,
  title = {An out-of-core optimization library},
  author = {Paul Sava},
  type = {SEP-Report},
  organization = {SEP},
  year = {2001},
  journal = {SEP-Report},
  volume = {108}
}

@sepreport{kerr2001,
  title = {Preliminary results from a small-scale {3-D} passive seismic
study in {Long Beach, CA}},
  author = {Bryan Kerr and James Rickett},
  type = {SEP-Report},
  organization = {SEP},
  year = {2001},
  journal = {SEP-Report},
  volume = {108}
}

@Article{tarantola86,
  author = 	 {Albert Tarantola},
  title = 	 {A strategy for nonlinear elastic inversion of
                  seismic reflection data},
  journal = 	 {Geophysics},
  year = 	 1986,
  volume =	 51,
  number =	 10,
  pages =	 {1893-1903}
}

@sepreport{Prucha.sep.97.marie1,
  title = {Imaging under the edges of salt bodies: {A}nalysis of an {Elf North Sea} dataset},
  author = {M[arie] L[] Prucha and R[obert] G[] Clapp and B[iondo] L[] Biondi},
  pages = {35--44},
  type = {SEP-Report},
  organization = {SEP},
  year = {1998},
  journal = {SEP-Report},
  volume = {97},
  url =
                  {http://sepwww.stanford.edu/private/docs/sep97/marie1/paper_html/index.html,http://sepwww.stanford.edu/private/docs/sep97/marie1.ps.gz,http://sepwww.stanford.edu/private/docs/sep97/marie1.tar.gz},
  annote = {Illustrate problems of illumination}
}

@sepreport{Prucha.sep.100.marie1,
  title = {Angle-domain common image gathers by wave-equation migration},
  author = {M[arie] L[] Prucha and B[iondo] L[] Biondi and W[illiam] W[] Symes},
  pages = {101--112},
  type = {SEP-Report},
  organization = {SEP},
  year = {1999},
  journal = {SEP-Report},
  volume = {100},
  url =
                  {http://sepwww.stanford.edu/private/docs/sep100/marie1/paper_html/index.html,http://sepwww.stanford.edu/private/docs/sep100/marie1.ps.gz,http://sepwww.stanford.edu/private/docs/sep100/marie1.tar.gz}

}

@inproceedings{prucha.segab.99,
author={Prucha, M. and  Biondi, B. and  Symes, W.},
year=1999,
title={Angle-domain common image gathers by wave-equation migration},
meeting =	 {69th Annual Internat. Mtg., Soc. Expl. Geophys.},
booktitle={Expanded Abstracts},
publisher={Society Of Exploration Geophysicists},
pages={824-827},
keywords={AVO, imaging, velocity}}



@SEPREPORT{Prucha.sep.103.marie1,
title={ Seismic image regularization in the reflection angle domain },
author={ M[arie] L[] Prucha  and  R[obert] G[] Clapp  and  B[iondo] Biondi },
pages={109--119},
type={SEP-Report},
organization={SEP},
year={2000},
journal={SEP-Report},
volume={103},
url={http://sepwww.stanford.edu/private/docs/sep103/marie1/paper_html/index.html,http://sepwww.stanford.edu/private/docs/sep103/marie1.ps.gz,http://sepwww.stanford.edu/private/docs/sep103/marie1.tar.gz}
}

@Article{timedistance,
  author =	 {T. L. Duvall and S. M. Jefferies and J. W. Harvey
                  and M. A. Pomerantz},
  title =	 {Time-distance helioseismology},
  journal =	 {Nature},
  year =	 1993,
  volume =	 362,
  pages =	 {430-432}
}

@TechReport{vostreys,
  author =	 {Robert W. Vostreys},
  title =	 {{Apollo} seismological investigations},
  institution =	 {National Space Science Data Center},
  year =	 1980,
  month =	 {October}
}

@Book{widrowstearns,
  author =	 {B. Widrow and S. D. Stearns},
  title =	 {Adaptive signal processing},
  publisher =	 {Prentice Hall, Inc.},
  year =	 1985
}

@Article{wilson,
  author =	 {G. Wilson},
  title =	 {Factorization of the covariance generating function
                  of a pure moving average function},
  journal =	 {SIAM J. Numer. Anal.},
  year =	 1969,
  volume =	 6,
  number =	 1,
  pages =	 {1-7}
}

@Article{sava.geoprosp.2000,
  author = 	 {P[aul] Sava  and  S[ergey] Fomel},
  title = 	 {Migration angle-gathers by {F}ourier {T}ransform},
  journal = 	 {Geophysical Prospecting, submitted},
  year = 	 {2000}
}

@SEPREPORT{Sava.sep.103.paul2,
title={ Angle-gathers by {F}ourier {T}ransform },
author={ P[aul] Sava  and  S[ergey] Fomel },
pages={119--130},
type={SEP-Report},
organization={SEP},
year={2000},
journal={SEP-Report},
volume={103},
url={http://sepwww.stanford.edu/private/docs/sep103/paul2/paper_html/index.html,http://sepwww.stanford.edu/private/docs/sep103/paul2.ps.gz,http://sepwww.stanford.edu/private/docs/sep103/paul2.tar.gz}
}

@Article{wilsonburg,
  author =	 {P. Sava and J. Rickett and S. Fomel and
                  J. Claerbout},
  title =	 {{Wilson-Burg} spectral factorization with
                  application to helix filtering},
  journal =	 {SEP-Report},
  year =	 1998,
  volume =	 97,
  pages =	 {343-352}
}

@Book{yilmaz,
  author =	 {O. Yilmaz},
  title =	 {Seismic Data Processing},
  publisher =	 {Soc. Expl. Geophys.},
  year =	 1987
}

@Article{zhou97,
  author =	 {H. Zhou and G. A. McMechan},
  title =	 {One-pass {3-D} seismic extrapolation with the
                  45$^\circ$ wave-equation},
  journal =	 {Geophysics},
  year =	 1997,
  volume =	 62,
  number =	 6,
  pages =	 {1817-1824}
}
