@BOOK{Ake,
title = {Numerical {M}ethods for {L}east {S}quares {P}roblems},
publisher = {Society for Industrial and Applied Mathematics},
year = {1996},
author = {{\r{A}}[ke] Bj\"{o}rck},
pages = {25},
}

@ARTICLE{Browaeys,
author = {T[homas] J[] Browaeys and S[ergey] Fomel},
title = {Fractal heterogeneities in sonic logs and low-frequency scattering attenuation},
journal = {Geophysics},
year = {2009},
volume = {74},
number = {2},
pages = {WA77-WA92},
}

@ARTICLE{Castagna,
author = {J[] P[] Castagna and S[] Sun and R[] W[] Siegfried},
title = {Instantaneous spectral analysis: Detection of low-frequency shadows associated with hydrocarbons},
journal = {The Leading Edge},
year = {2003},
volume = {22},
pages = {120-127},
}

@ARTICLE{Chakraborty,
author = {A[] Chakraborty and D[] Okaya},
title = {Frequency-time decomposition of seismic data using wavelet-based methods},
journal = {Geophysics},
year = {1995},
volume = {60},
pages = {1906-1916},
}

@ARTICLE{Chen,
author = {G[anglin] Chen and G[ianni] Matteucci and B[ill] Fahmy and C[hris] Finn},
title = {Spectral-decomposition response to reservoir fluids from a deepwater {W}est {A}frica reservoir},
journal = {Geophysics},
year = {2008},
volume = {73},
number = {6},
pages = {C23-C30},
}

@BOOK{Danbom1,
title = {Shear-wave {E}xploration},
publisher = {Society of Exploration Geophysicists},
year = {1987},
author = {S[] H[] Danbom and S[] N[] Domenico},
}

@ARTICLE{Dilay,
author = {A[] Dilay and J[] Eastwood},
title = {Spectral analysis applied to seismic monitoring of thermal recovering},
journal = {The Leading Edge},
year = {1995},
volume = {14},
pages = {1117-1122},
}

@ARTICLE{Fomel,
author = {G[uochang] Liu and S[ergey] Fomel and X[iaohong] Chen},
title = {Time-frequency analysis of seismic data using local attributes},
journal = {Geophysics},
year = {2011},
volume = {76},
pages = {P23-P34},
}

@ARTICLE{Galloway,
author = {W[] E[] Galloway and P[] E[] Ganey-Curry and X[] Li and R[] T[] Buffler},
title = {Cenozoic depositional history of the {G}ulf of {M}exico {B}asin},
journal = {AAPG Bulletin},
year = {2000},
volume = {84},
pages = {1743-1774},
}

@ARTICLE{Golub,
author = {G[ohn] H[] Golub and V[] Pereyra},
title = {THE DIFFERENTIATION OF PSEUDO-INVERSES AND NONLINEAR LEAST SQUARES PROBLEMS WHOSE VARIABLES
SEPARATE},
journal = {Numerical Analysis},
year = {1973},
volume = {10},
number = {2},
pages = {413-432},
}

@ARTICLE{Goff,
author = {J[ohn] A[] Goff},
title = {Simulation of stratigraphic architecture from statistical and geometrical characterizations},
journal = {Mathematical geology},
year = {2000},
volume = {32},
number = {7},
pages = {765-786},
}

@ARTICLE{Kallweitt,
author = {R[] S[] Kallweitt and L[] C[] Wood},
title = {The Limits of Resolution of Zero-Phase Wavelets},
journal = {Geophysics},
year = {1982},
volume = {47},
pages = {1035-1046},
}

@ARTICLE{Kaufman,
author = {L[] Kaufman},
title = {Variable projection methods for solving separable nonliner least squares problems},
journal = {BIT},
year = {1975},
volume = {14},
pages = {156-166},
}

@ARTICLE{Li,
author = {Y[andong] Li and X[iaodong] Zheng and Y[an] Zhang},
title = {High-frequency anomalies in carbonate reservoir characterization using spectral decomposition},
journal = {Geophysics},
year = {2011},
volume = {76},
number = {3},
pages = {V47-V57},
}

@PHDTHESIS{Liu,
AUTHOR = {J[ianlei] Liu},
TITLE = {{S}PECTRAL {D}ECOMPOSITION AND {I}TS {A}PPLICATION IN {M}APPING {S}TRATIGRAPHY AND {H}YDROCARBONS},
SCHOOL = {Univeristy of Houston},
YEAR = {2006}
}

@incollection{Liu2,
author = {Y[] Liu and S[ergey] Fomel},
title = {Local time-frequency transform and its application to ground-roll noise attenuation},
booktitle = {80th Annual International Meeting},
year = {2010},
publisher = {Society of Exploration Geophysicists},
pages = {3711-3716}
}

@ARTICLE{McGookey,
author = {D[] P[] McGookey},
title = {Gulf Coast Cenozoic sediments and structures: An excellent example of extra-continental sedimentation},
journal = {Gulf Coast Association of Geological Societies Transactions},
year = {1975},
volume = {25},
pages = {104-120},
}

@ARTICLE{Odebeatu,
author = {E[meka] Odebeatu and J[inghua] Zhang and M[ark] Chapman and E[nru] Liu and X[iang-Yang] Li },
title = {Application of spectral decomposition to detection of dispersion anomalies associated with gas saturation},
journal = {The Leading Edge},
year = {2006},
volume = {25},
number = {2},
pages = {206â€“210},
}

@ARTICLE{Osborne,
author = {M[] R[] Osborne},
title = {SEPARABLE LEAST SQUARES, VARIABLE PROJECTION, AND THE {Gauss-Newton} ALGORITHM},
journal = {Electronic Transactions on Numerical Analysis},
year = {2007},
volume = {28},
pages = {1-15},
}

@ARTICLE{Partyka,
author = {G[] J[] Partyka and J[] Gridley and J[] Lopez},
title = {Interpretational applications of spectral decomposition in reservior characterization},
journal = {The Leading Edge},
year = {1999},
volume = {18},
pages = {353-360},
}

@ARTICLE{Saadatinejada,
author = {M[ohammad Reza] Saadatinejada and K[halil] Sarkarinejadb},
title = {Application of the spectral decomposition technique for characterizing reservoir extensional system in the Abadan Plain, southwestern Iran},
journal = {Marine and Petroleum Geology},
year = {2011},
volume = {28},
number = {2},
pages = {1205-1217},
}

@BOOK{Sheriff,
title = {Encyclopedic {D}ictionary of {A}pplied {G}eophysics},
publisher = {Soc. Expl. Geophys.},
year = {2002},
author = {R[] Sheriff},
}

@ARTICLE{Tomasso,
author = {M[ark] Tomasso and R[enaud] Bouroullec and D[avid] R[] Pyles},
title = {The use of spectral recomposition in tailored forward seismic modeling of outcrop analogs},
journal = {AAPG Bulletin},
year = {2010},
volume = {94},
number = {4},
pages = {457-474},
}

@ARTICLE{Wang,
author = {Y[anghua] Wang},
title = {Seismic time-frequency spectral decomposition by matching pursuit},
journal = {Geophysics},
year = {2007},
volume = {72},
number = {1},
pages = {V13-V20},
}

@ARTICLE{Widess,
author = {M[] B[] Widess},
title = {How Thin is a Thin Bed?},
journal = {Geophysics},
year = {1973},
volume = {38},
pages = {1176-1180},
}

@ARTICLE{Zeng1,
author = {H[ongliu] Zeng and T[ucker] F[] Hentz},
title = {High-frequency sequence stratigraphy from seismic sedimentology: Applied to
{M}iocene, {V}ermilion {B}lock 50, {T}iger {S}hoal area, offshore {L}ouisiana},
journal = {AAPG Bulletin},
year = {2004},
volume = {88},
number = {2},
pages = {153-174},
}

@ARTICLE{Zeng2,
author = {H[ongliu] Zeng and M[] M[] Backus and K[] T[] Barrow and N[] Tyler},
title = {Stratal slicing, part {I}: {Realistic} {3-D} seismic model},
journal = {Geophysics},
year = {1998},
volume = {63},
number = {2},
pages = {502-513},
}

@ARTICLE{Zeng25,
author = {H[ongliu] Zeng and S[] C[] Henry and J[] P[] Riola},
title = {Stratal slicing, part {II}: {Real} {3-D} seismic data},
journal = {Geophysics},
year = {1998},
volume = {63},
number = {2},
pages = {514-522},
}


@ARTICLE{Zeng3,
author = {H[ongliu] Zeng and T[ucker] F[] Hentz and L[] W[] Wood},
title = {Stratal slicing of {M}iocene-{P}liocene sediments in {V}ermilion {B}lock 50-{T}iger {S}hoal area, offshore {L}ouisiana},
journal = {the Leading Edge},
year = {2001},
volume = {20},
number = {4},
pages = {408-418},
}

@ARTICLE{Zeng4,
author = {H[ongliu] Zeng and T[ucker] F[] Hentz and L[] W[] Wood},
title = {Stratal slicing Benefits and challenges},
journal = {the Leading Edge},
year = {2010},
volume = {29},
number = {9},
pages = {1040-1047},
}

@BOOK{Chopra,
title = {Seismic Attributes for Prospect Identification and Reservoir Characterization},
publisher = {Society of Exploration Geophysicists},
year = {2007},
author = {S[atinder] Chopra and K[urt] Marfurt},
pages = {222},
}

@INPROCEEDINGS{Scolnik,
author = {H[] D[] Scolnik},
title = {On the Solution of Non-linear Least Squares Problems},
booktitle = {IFIP Congress},
publisher = {IFIP Congress},
year = {1972},
pages = {1258-1265},
}


