@inproceedings{fftw,
  author  = {Matteo Frigo and Steven G. Johnson},
  title   = {{FFTW}: {An} adaptive software architecture for the {FFT}},
  year    = {1998},
  meeting = {ICASSP Conference},
  booktitle={Proceedings},
  volume  = {3},
  pages   = {1381-1384}
}

@Article{gardner,
  author  = {G. H. F. Gardner},
  title   = {Interpolation, crossline migration and inline depth
                  migration of {3-D} marine surveys},
  journal = {SAL Annual Progress Review},
  year    = {1991},
  volume  = {24},
  pages   = {57-69}
}
