@techreport{donoho06stomp,
title = {Sparse solution of underdetermined linear equations by stagewise orthogonal matching pursuit},
author = {D. L. Donoho and Y. Tsaig and I. Drori and J.-L. Starck},
year = 2006,
institution = {Stanford Statistics Department},
month = {April},
number = {TR-2006-2},
note = {\url{http://stat.stanford.edu/~idrori/StOMP.pdf}}
}

@article{figueiredo03,
author = {M. Figueiredo and R. Nowak},
title = {An {EM} Algorithm for Wavelet-Based Image Restoration}, 
journal = {IEEE Transactions on Image Processing},
volume = 12,
issue =8,
pages = {906-916},
month = {August},
year = 2003
}

@ARTICLE{chen98bp,
author = {S. S. Chen and D. L. Donoho and M. A. Saunders},
title = {Atomic Decomposition by Basis Pursuit},
journal = {{SIAM} Journal on Scientific Computing},
volume = {20},
issue = {1},
year = {1998},
pages = {33-61},
url = {http://epubs.siam.org/SISC/volume-20/art_30401.html}
}

@techreport{saunders02,
author = {M. A. Saunders},
title = {PDCO: Primal-dual interior-point method for convex objectives},
institution = {Systems Optimization Laboratory, Stanford University}, 
year = 2002,
note = {\url{www.stanford.edu/group/SOL/}},
}

@techreport{figueiredo07gpsr,
title = {Gradient projection for sparse reconstruction: application to compressed sensing and other inverse problems},
author = {M. A. T. Figueiredo and R. D. Nowak and S. J. Wright},
institution = {Instituto de Telecomunicacoes},
year = 2007,
month = {June},
note = {\url{www.lx.it.pt/~mtf/GPSR/Figueiredo_Nowak_Wright_twocolumn.pdf}}
}

@article{tibshirani94ls,
author = {R. Tibshirani},
journal = {Journal Royal Statististics},
issue = {1},
pages = {267-288},
title = {Regression shrinkage and selection via the {LASSO}},
volume = {58},
year = {1996}
}

@article{tikhonov63,
author = {A. N. Ti\-khonov},
title = {Solution of incorrectly formulated problems and regularization method},
journal = {Soviet mathematics - Doklady},
volume = 4,
year = 1963,
pages = {1035-1038}
}

@article{phillips62,
author = {D. L. Phil\-lips},
title = {A technique for the numerical solution of certain integral equations of the first kind},
journal = {Journal of the Association for Computing Machinery},
volume = 9,
issue = 1,
pages = {84-97},
year = 1962
}

@phdthesis{zwartjes05phd,
author = {P. M. Zwartjes},
title = {Fourier reconstruction with sparse inversion},
school = {Delft University of Technology},
year = 2005
}

@book{parker94,
author = {R. L. Parker},
year = 1994,
title = {Geophysical inverse theory},
publisher = {Princeton University Press},
address = {Princeton, NJ, USA}
}

@ARTICLE{hennenfent07jitter,
TITLE = {Simply denoise: wavefield reconstruction via jittered undersampling},
AUTHOR = {G. Hennenfent and F. J. Herrmann},
JOURNAL = {Geophysics},
YEAR = 2008,
volume = 73,
issue = 3,
month = {May-June},
PDF = {http://slim.eos.ubc.ca/Publications/Public/Journals/hennenfent07jitter.pdf}
}

@article{rauhut07,
author = {H. Rauhut},
title = {Random sampling of sparse trigonometric polynomials},
journal = {Applied and Computational Harmonic Analysis},
volume = 22,
year = 2007,
issue = 1,
pages = {16-42}
}

@article{daub07acc,
author = {I. Daubechies and M. Fornasier and I. Loris},
title = {Accelerated Projected Gradient Method for Linear Inverse Problems with Sparsity Constraints},
journal = {ArXiv e-prints},
issue = {0706.4297},
year = 2007,
month = June,
volume = 706,
note = {\url{http://adsabs.harvard.edu/abs/2007arXiv0706.4297D}},
}

@book{lawson74,
author = {C. L. Lawson and R. J. Hanson},
year = 1974,
title = {Solving Least Squares Problems},
publisher = {Prentice Hall},
address = {Englewood Cliffs, NJ, USA}
}

@article{canning96,
author = {A. Canning and G. H. Gardner},
title = {Regularizing 3{D} data-sets with {DMO}},
journal = {Geophysics},
volume = 61,
year = 1996,
pages = {1103-1114}
}

@article{biondi98,
author = {B. Biondi and S. Fomel and N. Chemingui},
title = {Azimuth moveout for 3{D} prestack imaging},
journal = {Geophysics},
volume = 63,
year = 1998,
pages = {1177-1183}
}

@article{stolt02,
author = {R. H. Stolt},
title = {Seismic data mapping and reconstruction},
journal = {Geophysics},
year = 2002,
volume = 67,
pages = {890-908}
}

@article{spitz91,
author = {S. Spitz},
title = {Seismic trace interpolation in the {F}-{X} domain},
journal = {Geophysics},
year = 1991,
volume = 67,
pages = {890-794}
}

@article{claerbout71wem,
author = {J. F. Claerbout},
title = {Towards a unified theory of reflector mapping},
journal = {Geophysics},
volume = 36,
pages = {467-481},
year = 1971
}

@article{herrmann07ctproc,
author = {F. J. Herrmann and D. Wang and G. Hennenfent and P. P. Moghaddam},
title = {Curvelet-based seismic data processing: a multiscale and nonlinear approach},
year = 2007,
note = {Accepted for publication in Geophysics. \url{http://slim.eos.ubc.ca/Publications/Public/Journals/curveletter.pdf}}
}

@inproceedings{trad05cseg,
author = {D. O. Trad and J. Deere and S. Cheadle},
title = {Challenges for land data interpolation},
booktitle = {CSEG National Convention},
year = 2005
}

@article{abma06pocs,
author = {R. Abma and N. Kabir},
title ={{3D} interpolation of irregular data with a {POCS} algorithm},
journal = {Geophysics},
year = 2006,
volume = 71,
issue = 6,
month = {November-December},
pages = {E91-E97}
}

@article{lustig07,
author = {M. Lustig and D. L. Donoho and J. M. Pauly},
title = {Sparse {MRI}: The Application of Compressed Sensing for Rapid {MR} Imaging},
year = 2007,
journal = {Magnetic Resonance in Medicine},
note = {In press. \url{http://www.stanford.edu/~mlustig/SparseMRI.pdf}}
}

@inproceedings{trad99rt,
author = {D. O. Trad and T. J. Ulrych},
title = {Radon transform: beyond aliasing with irregular sampling},
booktitle = {Sixth International Congress of the Brazilian Geophysical Society},
year = 1999,
url = {ftp://ordo.geop.ubc.ca/pub/dtrad/weblinks/rio99.pdf}
}

@article{verschuur92srme,
author = {D. J. Verschuur and A. J. Berkhout and C. P. A. Wapenaar},
year = 1992,
title = {Adaptive surface-related multiple elimination},
journal = {Geophysics},
volume = 57,
issue = 9,
pages = {1166-1177}
}

@InProceedings{frigo98fftw,
author = {M. Frigo and S. G. Johnson},
title = {{FFTW}: An adaptive software architecture for the {FFT}},
booktitle = {International Conference on Acoustics, Speech and Signal Processing},
pages = {1381-1384},
year = 1998,
volume = 3,
publisher = {IEEE}
}

@ARTICLE{herrmann07crsi,
TITLE = {Non-parametric seismic data recovery with curvelet frames},
AUTHOR = {F. J. Herrmann and G. Hennenfent},
JOURNAL = {Geophysical Journal International},
YEAR = 2008,
volume = 173,
pages = {233-248},
URL = {http://slim.eos.ubc.ca/Publications/Public/Journals/CRSI.pdf}
}

@article{symes06,
title = {Reverse time migration with optimal checkpointing},
author = {W. W. Symes},
journal = {Geophysics},
volume = 72,
issue = 5,
pages = {SM213-SM221},
year = 2006
}

@article{gulunay03,
author = {N. Gulunay},
title = {Seismic trace interpolation in the {F}ourier domain},
journal = {Geophysics},
year = 2003,
volume = 68,
pages = {355-369}
}

@book{verdu98mai,
author = {S. Verdu},
title = {Multiuser detection},
publisher = {Cambridge University Press},
year = 1998
}

@inproceedings{hennenfent05seg,
author = {G. Hennenfent and F. J. Herrmann},
title = {Sparseness-constrained data continuation with frames: Applications to missing traces and aliased signals in {2/3-D}},
booktitle = {SEG International Exposition and 75$^{th}$ Annual Meeting},
url = {http://slim.eos.ubc.ca/Publications/Public/Conferences/SEG/hennenfent05seg.pdf},
year = 2005,
pages = {2162-2165}
}
@article{trad03radon,
author = {D. O. Trad and T. J. Ulrych and M. D. Sacchi},
year = 2003,
title = {Latest view of sparse {R}adon transforms},
journal = {Geophysics},
volume = 68,
pages = {386-399}
}

@article{xu05alft,
author = {S. Xu and Y. Zhang and D. Pham and G. Lambare},
title = {Antileakage {F}ourier transform for seismic data regularization},
journal = {Geophysics},
volume = 70,
year = 2005,
issue = 4,
pages = {V87-V95}
}

@article{donoho01up,
author = {D. L. Donoho and X. Huo},
title = {Uncertainty principles and ideal atomic decomposition},
journal ={{IEEE} Transactions on Information Theory},
year = 2001,
volume = 47,
pages = {2845-2862}
}

@article{candes05fdct,
author = {E. J. Cand\`es and L. Demanet and D. L. Donoho and L. Ying},
title = {Fast discrete curvelet transforms},
journal = {Multiscale Modeling and Simulation},
volume = 5,
pages = {861-899},
year = 2005,
url = {http://curvelet.org/papers/FDCT.pdf}
}

@article{candes06robust,
author = {E. J. Cand\`es and J. Romberg and T. Tao},
title = {Robust uncertainty principles: Exact signal reconstruction from highly incomplete frequency information},
journal = {{IEEE} Transactions on Information Theory},
volume = 52,
issue = 2,
pages = {489-509},
month = {February},
year = 2006
}

@article{candes06quantitative,
author = {E. J. Cand\`es and J. Romberg},
title = {Quantitative robust uncertainty principles and optimally sparse decompositions},
journal = {Foundations of Computational Mathematics},
volume = 6,
issue = 2,
pages = {227-254},
month = {April},
year = 2006
}

@article{donoho06cs,
author = {D. L. Donoho},
title = {Compressed sensing},
journal = {{IEEE} Transactions on Information Theory},
volume = 52,
issue = 4,
pages = {1289-1306},
month = {April},
year = 2006
}

@article{sacchi98,
title = {Interpolation and extrapolation using a high-resolution discrete {F}ourier transform},
author = {M. D. Sacchi and T. J. Ulrych and C. J. Walker},
journal = {{IEEE} Transactions on Signal Processing},
volume = 46,
issue = 1,
pages = {31-38},
month = {January},
year = 1998
}

@article{santosa86,
author = {F. Santosa and W. W. Symes},
title = {Linear inversion of band-limited reflection seismogram},
journal = {SIAM Journal on Scientific Computing},
year = 	 1986,
volume = 7,
pages = {1307-1330},
}

@techreport{drori07it,
title = {Fast $\ell_1$ minimization by iterative thresholding for multidimensional {NMR} spectroscopy},
author = {I. Drori},
institution = {Tel Aviv University - Computer Science Department},
year = 2007,
note = {\url{http://stat.stanford.edu/~idrori/SpeedupNMR.pdf}}
}

@article{gersztenkorn86irls,
author = {A. Gersztenkorn and J. B. Bednar and L. Lines},
year = 1986,
title = {Robust iterative inversion for the one-dimensional acoustic wave equation},
journal = {Geophysics},
volume = 51,
issue = 2,
pages = {357-369}
}

@article{tibshirani96lasso,
author = {R. Tibshirani},
year = 1996,
title = {Regression shrinkage and selection via the {LASSO}},
journal = {Journal of the Royal Statistical Society},
series = {B},
volume = 58,
issue = 1,
pages = {267-288}
}

@techreport{vandenberg07,
author = {{\SortNoop{Berg}van den} Berg, E. and M. P. Friedlander},
title = {Probing the {P}areto frontier for basis pursuit solutions},
institution = {UBC Computer Science Department},
month = {January},
year = 2008,
number = {TR-2008-01},
note = {\url{http://www.optimization-online.org/DB_HTML/2008/01/1889.html}}
}

@article{oldenburg83,
title = {Recovery of the acoustic impedance from reflection seismograms},
author = {D. Oldenburg and T. Scheuer and S. Levy},
year = 1983,
journal = {Geophysics},
volume = 48,
issue = 10,
pages = {1318-1337}
}

@article{taylor79,
title = {Deconvolution with $l_1$-norm},
author = {H. L. Taylor and S. C. Banks and J. F. McCoy},
year = 1979,
month = {January},
volume = 44,
pages = {39-52},
journal = {Geophysics}
}

@article{zwartjes07frsi,
title = {Fourier reconstruction of nonuniformly sampled, aliased data},
author = {P. M. Zwartjes and M. D. Sacchi},
year = 2007,
journal = {Geophysics},
volume = 72,
issue = 1,
pages = {V21-V32},
month = {January-February}
}

@article{candes05,
title = {Stable signal recovery from incomplete and inaccurate measurements},
author = {E. J. Cand\`es and J. Romberg and T. Tao},
year = 2005,
journal = {Communications on Pure and Applied Math},
volume = 99,
pages = {1207-1223}
}

@article{yellott82,
author = {J. Yellott},
title = {Spectral analysis of spatial sampling by photoreceptors: topological disorder prevents aliasing},
journal = {Vision Research},
volume = 22,
pages = {1205-1210},
year = 1982
}

@article{shapiro60,
author = {H. Shapiro and R. Silverman},
title = {Alias-free sampling of random noise},
journal = {Society for Industrial and Applied Mathematics journal},
volume = 8,
issue = 2,
year = 1960,
pages = {225-248}
}

@article{leneman66,
author = {O. Leneman},
title = {Random sampling of random processes: Impulse response},
journal = {Information and Control},
volume = 9,
year = 1966,
pages = {347-363}
}

@article{brown63,
author = {W. Brown},
title = {Sampling with random jitter},
journal = {Society for Industrial and Applied Mathematics journal},
volume = 11,
issue = 2,
year = 1963,
pages = {460-473}
}

@book{steinberg91,
author = {B. Steinberg and H. Subbaram},
title = {Microwave Imaging Techniques},
publisher = {Wiley-Interscience},
year = 1991
}

@conference{zhou95,
author = {C. Zhou and G. T. Schuster},
title = {Quasi-random migration of 3-{D} field data},
booktitle ={{SEG} Technical Program Expanded Abstracts},
year = 1995,
pages = {1145-1148}
}

@article{bednar96,
author = {J. B. Bednar},
title = {Coarse is coarse of course unless...},
journal = {The Leading Edge}, 
volume = 15,
issue = 6,
year = {1996},
pages = {763-764}
}

@article{vermeer99,
author = {G. Vermeer},
title = {Factors affecting spatial resolution},
journal = {Geophysics}, 
volume = 64,
issue = 3,
year = {1999},
pages = {942-953}
}

@article{vermeer98,
author = {G. Vermeer},
title = {On: "{A Quasi-Mmonte Carlo approach to 3-D migration: Theory," (Y. Sun, G. T. Schuster, and K. Sikorski, GEOPHYSICS, 62)}},
journal = {Geophysics}, 
volume = 63,
issue = 4,
year = {1998},
pages = {1475}
}

@article{sun97,
author = {Y. Sun and G. T. Schuster and K. Sikorski},
title = {A {Q}uasi-{M}onte {C}arlo approach to 3-{D} migration: Theory},
journal = {Geophysics}, 
volume = 62,
issue = 3,
year = {1997},
pages = {918-928}
}

@conference{dippe85,
author = {M. Dippe and E. Wold},
title = {Antialiasing through stochastic sampling},
booktitle ={SIGGRAPH'85},
volume =19,
issue = 3,
month = {July},
year = 1985
}

@article{dippe92,
author = {M. Dippe and E. Wold},
title = {Stochastic sampling: theory and application},
journal = {Progress in Computer Graphics}, 
volume = 1,
year = {1992},
pages = {1-54},
publisher = {Ablex Publishing Corp.}
}

@conference{marvasti89,
author = {F. Marvasti},
title = {Spectral analysis of irregular samples of multidimensional signals},
booktitle = {Sixth workshop of multidimensional signal processing},
year = 1989,
month = {September}
}

@article{marvasti94,
author = {F. Marvasti and C. Liu and G. Adams},
title = {Analysis and recovery of multidimensional signals from irregular samples using nonlinear and iterative techniques},
journal = {Signal processing},
year = 1994,
volume =36,
issue = 1,
pages = {13-30}
}

@article{daub04it,
author = {I. Daubechies and M. Defrise and C. {De Mol}},
title = {An iterative thresholding algorithm for linear inverse problems with a sparsity constraint},
journal = {Communications on Pure and Applied Mathematics},
volume = {LVII},
pages = {1413-1457},
year = 2004
}

@article{hennenfent06nfdct,
author = {G. Hennenfent and F. J. Herrmann},
title = {Seismic denoising with non-uniformly sampled curvelets},
journal = {Computing in Science and Engineering},
year = 2006,
month = {May/June},
volume = 8,
issue = 3,
pages = {16-25},
url = {http://slim.eos.ubc.ca/Publications/Public/Journals/CiSE/hennenfent06nfdct.pdf}
}

@article{wang07,
title = {High-resolution wave-equation amplitude-variation-with-ray-parameter {(AVP)} imaging with sparseness constraints},
author = {J. Wang and M. D. Sacchi},
journal = {Geophysics},
year = 2007,
volume = 72,
issue = 1,
month = {January/February},
pages = {S11-S18}
}
