@Book{gee,
  author =       {J[on] Claerbout},
  title =        {{G}eophysical estimation by example: {E}nvironmental soundings image enhancement},
  publisher =    {Stanford Exploration Project},
  year =         {1999},
  address =      {http://sepwww.stanford.edu/sep/prof/}
}

@book{Claerbout.fgdp.76,
   author = {J[on] F[] Claerbout},
   publisher = {Blackwell},
   title = {Fundamentals of Geophysical Data Processing}, 
   year = {1976}
}  