@Article{Allen1977,
  author = 	 {J[] G[] Allen},
  title = 	 {Short term spectral analysis, synthetic and modification by discrete {Fourier} transform},
  journal = 	 {IEEE Transactions on Signal Processing},
  year = 	 1977,
  volume = 	 ASSP-25,
  pages = 	 {135-238}
}

@Article{Brian1993,
  author = 	 {C[] Brian and R[] C[] Williamson and B[] Boashash},
  title = 	 {The relationship between instantaneous frequency and time-frequency representations},
  journal = 	 {IEEE Transactions on Acoustics, Speech, and Signal Processing},
  year = 	 1993,
  volume = 	 41,
  pages = 	 {1458-1461}
}

@Article{Castagna2003,
  author = 	 {J[] Castagna and S[] Sun and R[] W[] Siegfried},
  title = 	 {Instantaneous spectral analysis: Detection of low-frequency shadows associated with hydrocarbons},
  journal = 	 {The Leading Edge},
  year = 	 2003,
  volume = 	 22,
  pages = 	 {120-127}
}

@Article{Chakraborty1995,
  author = 	 {A[] Chakraborty and D[] Okaya},
  title = 	 {Frequency-time decomposition of seismic data using wavelet-based methods},
  journal = 	 {Geophysics},
  year = 	 1995,
  volume = 	 60,
  pages = 	 {1906-1916}
}

@Book{Claasen1980,
  author = 	 {T[] Claasen and W[] Mecklenbr√§uker},
  publisher = 	 {Philips Journal of Research},
  title = 	 {The {Wigner} distribution -- {A} tool for time-frequency signal analysis, 3 parts},
  year =         {1980}
}

@Article{Cohen1989,
  author = 	 {L[] Cohen},
  title = 	 {Time-frequency distributions -- {A} review},
  journal = 	 {Proceedings of the IEEE},
  year = 	 1989,
  volume = 	 77,
  pages = 	 {941-981}
}


@book{Cohen1995,
   author =       {L[] Cohen},
   publisher =    {Prentice Hall, Inc},
   title =        {{Time-frequency analysis}},
   year =         {1995}
}

@Article{Ebrom2004,
  author = 	 {D[] Ebrom},
  title = 	 {The low frequency gas shadows in seismic sections},
  journal = 	 {The Leading Edge},
  year = 	 2004,
  volume = 	 23,
  pages = 	 {772}
}

@Article{Fomel2007a,
  author = 	 {S[] Fomel},
  title = 	 {Local seismic attributes},
  journal = 	 {Geophysics},
  year = 	 2007,
  volume = 	 72,
  pages = 	 {A29-A33}
}


@Article{Fomel2007b,
  author = 	 {S[] Fomel},
  title = 	 {Shaping regularization in geophysical-estimation problems},
  journal = 	 {Geophysics},
  year = 	 2007,
  volume = 	 72,
  pages = 	 {R29-R36}
}

@Article{Fomel2009,
  author = 	 {S[] Fomel},
  title = 	 {Adaptive multiple subtraction using regularized nonstationary regression},
  journal = 	 {Geophysics},
  year = 	 2009,
  volume = 	 74,
  pages = 	 {V25-V33}
}

@Article{Fomel2010,
  author = 	 {S[] Fomel},
  title = 	 {Predictive painting of {3D} seismic volumes},
  journal = 	 {Geophysics},
  year = 	 2010,
  volume = 	 75,
  pages = 	 {A25-A30}
}

@Article{Fomel2009Jin,
  author = 	 {S[] Fomel and L[] Jin},
  title = 	 {Time-lapse image registration using the local similarity attribute},
  journal = 	 {Geophysics},
  year = 	 2009,
  volume = 	 74,
  pages = 	 {A7-A11}
}

@inproceedings{Fomel2010van,
  author =       {S[] Fomel and van der Baan},
  year =         {2009},
  title =        {Local similarity with the envelope as a seismic phase detector},
  booktitle =    {80th Annual International Meeting},
  publisher =    {Soc. of Expl. Geophys.},
  pages =        {1555-2559}
}

@Article{Hlawatsch1992,
  author = 	 {F[] Hlawatsch and G[] Boudreaux-Bartels},
  title = 	 {Linear and quadratic timefrequency signal representations},
  journal = 	 {IEEE Signal Processing Magazine},
  year = 	 1992,
  volume = 	 9,
  pages = 	 {21-67}
}

@Article{Kazemeini2009,
  author = 	 {S[] H[] Kazemeini and C[] Juhlin and K[] Z[] Jorgensen and B[] Norden},
  title = 	 {Application of the continuous wavelet transform on seismic data for mapping of channel deposits and gas detection at the {CO2SINK} site, {Ketzin}, {Germany}},
  journal = 	 {Geophysical Prospecting},
  year = 	 2009,
  volume = 	 57,
  pages = 	 {111-123}
}

@Article{Korneev2004,
  author = 	 {V[] A[] Korneev and G[] M[] Goloshubin and T[] M[] Daley and B[] S[] Dmitry},
  title = 	 {Seismic low-frequency effects in monitoring fluid-saturated reservoirs},
  journal = 	 {Geophysics},
  year = 	 2004,
  volume = 	 69,
  pages = 	 {522-532}
}

@Article{Li2008,
  author = 	 {Y[] Li and X[] Zheng},
  title = 	 {Spectral decomposition using {Wigner-Ville} distribution with applications to carbonate reservoir characterization},
  journal = 	 {The Leading Edge},
  year = 	 2008,
  volume = 	 27,
  pages = 	 {1050-1057}
}

@Article{Liu2011chen,
  author = 	 {G[] Liu and X[] Chen and J[] Li and J[] Du and J[] Song},
  title = 	 {Seismic noise attenuation using nonstationary polynomial fitting},
  journal = 	 {Applied Geophysics},
  year = 	 2011,
  volume = 	 8,
  pages = 	 {18-26}
}

@Article{Liu2011Fomel,
  author = 	 {G[] Liu and S[] Fomel and X[] Chen},
  title = 	 {Stacking angle-domain common-image gathers for normalization of illumination},
  journal = 	 {Geophysical Prospecting},
  year = 	 2011,
  volume = 	 59,
  pages = 	 {244-255}
}

@Article{Liu2009Fomel,
  author = 	 {G[] Liu and S[] Fomel and L[] Jin and X[] Chen},
  title = 	 {Seismic data stacking using local correction},
  journal = 	 {Geophysics},
  year = 	 2009,
  volume = 	 74,
  pages = 	 {V43-V48}
}

@inproceedings{Liu2005,
  author =       {J[] Liu and K[] J[] Marfurt},
  year =         {2005},
  title =        {Matching pursuit decomposition using {Morlet} wavelet},
  booktitle =    {75th Annual International Meeting},
  publisher =    {Soc. of Expl. Geophys.},
  pages =        {786-789}
}

@inproceedings{Liu2004,
  author =       {J[] Liu and Y[] Wu and D[] Han and X[] Li},
  year =         {2004},
  title =        {Time-frequency decomposition based on {Ricker} wavelet},
  booktitle =    {74th Annual International Meeting},
  publisher =    {Soc. of Expl. Geophys.},
  pages =        {1937-1940}
}


@inproceedings{Liu2010,
  author =       {Y[] Liu and S[] Fomel},
  year =         {2010},
  title =        {Seismic data analysis using local time-frequency transform},
  booktitle =    {80th Annual International Meeting},
  publisher =    {Soc. of Expl. Geophys.},
  pages =        {3711-3716}
}

@Article{Lomask2006,
  author = 	 {J[] Lomask and A[] Guitton and S[] Fomel and J[] Claerbout and A[] Valenciano},
  title = 	 {Flattening without picking},
  journal = 	 {Geophysics},
  year = 	 2006,
  volume = 	 71,
  pages = 	 {13-20}
}

@Article{Lomask2006,
  author = 	 {J[] Lomask and A[] Guitton and S[] Fomel and J[] Claerbout and A[] Valenciano},
  title = 	 {Flattening without picking},
  journal = 	 {Geophysics},
  year = 	 2006,
  volume = 	 71,
  pages = 	 {13-20}
}

@Article{Mallat1993,
  author = 	 {S[] Mallat and Z[] Zhang},
  title = 	 {Matching pursuit with time-frequency dictionaries},
  journal = 	 {IEEE Transactions on Signal Processing},
  year = 	 1993,
  volume = 	 41,
  pages = 	 {3397-3415}
}

@Article{Margrave1998,
  author = 	 {G[] Margrave},
  title = 	 {Theory of nonstationary linear filtering in the {Fourier} domain with application to time-variant filtering},
  journal = 	 {Geophysics},
  year = 	 1998,
  volume = 	 63,
  pages = 	 {244-259}
}

@Article{Partyka1999,
  author = 	 {G[] A[] Partyka and J[] M[] Gridley and J[] Lopez},
  title = 	 {Interpretational applications of spectral decomposition in reservoir characterization},
  journal = 	 {The Leading Edge},
  year = 	 1998,
  volume = 	 18,
  pages = 	 {353-360}
}

@Article{Pinnegar2003,
  author = 	 {C[] Pinnegar and L[] Mansinha},
  title = 	 {The {S-transform} with windows of arbitrary and varying shape},
  journal = 	 {Geophysics},
  year = 	 2003,
  volume = 	 68,
  pages = 	 {381-385}
}

@Article{Reine2009,
  author = 	 {C[] Reine and M[] van der Baan and R[] Clark},
  title = 	 {The robustness of seismic attenuation measurements using fixed- and variable-window time-frequency transforms},
  journal = 	 {Geophysics},
  year = 	 2009,
  volume = 	 74,
  pages = 	 {123-135}
}

@Article{Rioul1991,
  author = 	 {O[] Rioul and M[] Vetterli},
  title = 	 {Wavelets and signal processing},
  journal = 	 {IEEE Signal Processing Magazine},
  year = 	 1991,
  volume = 	 8,
  pages = 	 {14-38}
}

@inproceedings{Saha1987,
  author =       {J[] Saha},
  year =         {1987},
  title =        {Relationship between {Fourier} and instantaneous frequency},
  booktitle =    {57th Annual International Meeting},
  publisher =    {Soc. of Expl. Geophys.},
  pages =        {591}
}

@Article{Sinha2009,
  author = 	 {S[] Sinha and P[] Routh and P[] Anno},
  title = 	 {Instantaneous spectral attributes using scales in continuous-wavelet transform},
  journal = 	 {Geophysics},
  year = 	 2009,
  volume = 	 74,
  pages = 	 {WA137-WA142}
}

@Article{Sinha2005,
  author = 	 {S[] Sinha and P[] S[] Routh and P[] D[] Anno and J[] P[] Castagna},
  title = 	 {Spectral decomposition of seismic data with continuous-wavelet transform},
  journal = 	 {Geophysics},
  year = 	 2005,
  volume = 	 70,
  pages = 	 {P19-P25}
}

@Article{Steeghs2001,
  author = 	 {P[] Steeghs and G[] Drijkoningen},
  title = 	 {Seismic sequence analysis and attribute extraction using quadratic time-frequency representations},
  journal = 	 {Geophysics},
  year = 	 2001,
  volume = 	 66,
  pages = 	 {1947-1959}
}

@Article{Stockwell1996,
  author = 	 {R[] G[] Stockwell and L[] Mansinha and R[] P[] Lowe},
  title = 	 {Localization of the complex spectrum},
  journal = 	 {IEEE Transactions on Signal Processing},
  year = 	 1996,
  volume = 	 44,
  pages = 	 {998-1001}
}

@Article{Tikhonov1963,
  author = 	 {A[] N[] Tikhonov},
  title = 	 {Solution of incorrectly formulated problems and the regularization method},
  journal = 	 {IEEE Transactions on Signal Processing},
  year = 	 1963,
  volume = 	 ,
  pages = 	 {1035-1038}
}

@Article{van2009,
  author = 	 {M[] van der Baan and S[] Fomel},
  title = 	 {Nonstationary phase estimation using regularized local kurtosis maximization},
  journal = 	 {Geophysics},
  year = 	 2009,
  volume = 	 74,
  pages = 	 {A75-A80}
}

@Article{Wang2007,
  author = 	 {Y[] Wang},
  title = 	 {Seismic time-frequency spectral decomposition by matching pursuit},
  journal = 	 {Geophysics},
  year = 	 2007,
  volume = 	 72,
  pages = 	 {V13-V20}
}

@Article{Wigner1932,
  author = 	 {E[] Wigner},
  title = 	 {On the quantum correction for thermodynamic equilibrium},
  journal = 	 {Physical Review},
  year = 	 1932,
  volume = 	 40,
  pages = 	 {749-759}
}

@Article{Wu2009,
  author = 	 {X[] Wu and T[] Liu},
  title = 	 {Spectral decomposition of seismic data with reassigned smoothed pseudo {Wigner-Ville} distribution},
  journal = 	 {Journal of Applied Geophysics},
  year = 	 2009,
  volume = 	 68,
  pages = 	 {386-393}
}

@Article{Youn1985,
  author = 	 {D[] H[] Youn and J[] G[] Kim},
  title = 	 {Short-time {Fourier} transform using a bank of low-pass filters},
  journal = 	 {IEEE Transactions on Acoustics, Speech, and Signal Processing},
  year = 	 1985,
  volume = 	 33,
  pages = 	 {182-185}
}

@Article{Zeng1998,
  author = 	 {H[] Zeng and M[] M[] Backus and K[] T[] Barrow and N[] Tyler},
  title = 	 {Stratal slicing, {Part} {I}: {Realistic} {3D} seismic model},
  journal = 	 {Geophysics},
  year = 	 1998,
  volume = 	 63,
  pages = 	 {502-513}
}

@Article{Zhenhua2008,
  author = 	 {H[] Zhenhua and X[] Xiaojun and B[] Lien},
  title = 	 {Numerical simulation of seismic low-frequency shadows and its application},
  journal = 	 {Applied Geophysics},
  year = 	 2008,
  volume = 	 5,
  pages = 	 {301-306}
}



