@article{GEO66-03-08830889,
author={Sava, P. and  Fomel, S.},
year={2001},
title={{3-D} traveltime computation using {H}uygens wavefront tracing},
journal={Geophysics},
volume={66},
number={3},
pages={883--889}
}

@article{GEO55-04-04100421,
author={Stoffa, P. L. and  Fokkema, J. T. and  de Luna Freire, R. M. and  Kessinger, W. P.},
year={1990},
title={Split-step {F}ourier migration},
journal={Geophysics},
volume={55},
number={04},
pages={410-421}
}

@article{GEO66-04-12401250,
author={Hill, N. R.},
year={2001},
title={Prestack {G}aussian-beam depth migration},
booktitle={Geophysics},
publisher={Soc. of Expl. Geophys.},
volume={66},
number={4},
pages={1240--1250}
}

@inproceedings{Albertin-SEG01,
  author={Albertin, U. and  Yingst, D. and  Jaramillo, H.},
  year={2001},
  title={Comparing common-offset {M}aslov, 
{G}aussian beam, and coherent state migrations},
  booktitle={Expanded Abstracts},
  meeting={71st Ann. Internat. Mtg},
  publisher={Soc. of Expl. Geophys.},
  pages={913--916}
}

@inproceedings{Albertin-SEG02,
  author={Albertin, U. and Yingst, D. and Jaramillo, H. and Wiggins, W. and Chapman, C. and Nichols, D.},
  year={2002},
  title={Towards a hybrid raytrace-based beam/wavefield-extrapolated beam migration algorithm},
  booktitle={Expanded Abstracts},
  meeting={72nd Ann. Internat. Mtg},
  publisher={Soc. of Expl. Geophys.},
  pages={1344-1347}
}

@inproceedings{Etgen-SEG02,
author={Etgen, J.},
year={2002},
title={Waves, Beams and Dimensions: an illuminating if incoherent view of 
the future of migration},
meeting={72nd Ann. Internat. Mtg},
publisher={Soc. of Expl. Geophys.}
}

@inproceedings{BDEtgen-EAGE03,
author={Brandsberg-Dahl, S. and Etgen, J.},
booktitle = {Abstracts},
pages = {},
publisher = {},
year={2003},
title={Beam-wave migration},
meeting={65th Mtg., Eur. Assoc. Geosc. Eng.}
}


@article{dehoop.wavemotion.96,
  author = 	 {de Hoop, M. V., and Wu, R. S.},
  title = 	 {General formulation of screen methods for the scattering of waves in inhomogeneous media},
  journal =	 {{W}ave {M}otion, submitted},
  year =	 {1996},
  volume =	 {}
}


@incollection{dehoop.jmathphys.96,
  author = 	 {de Hoop, M. V.},
  title = 	 {Generalization of the {B}remmer coupling series},
  year =	 {1996},
  booktitle =	 {J. {M}ath. {P}hys.},
  pages =        {3246--3282},
  volume =	 {}
}

@inproceedings{SEG-1996-0415,
author={Huang, L. and  Wu, R.},
year={1996},
title={Prestack depth migration with acoustic screen propagators},
booktitle={Annual Meeting Abstracts},
publisher={Society Of Exploration Geophysicists},
pages={415-418},
keywords={acoustic, common shot, depth migration, prestack}
}

@article{GEO67-03-08720882,
author={Biondi, B.},
year={2002},
title={Stable wide-angle {F}ourier finite-difference 
downward extrapolation of {3-D} wavefields},
booktitle={Geophysics},
publisher={Soc. of Expl. Geophys.},
volume={67},
number={03},
pages={872-882}
}

@inproceedings{Gray-SEG02,
  author={Gray, S., and Notfors, C., and Bleistein, N. },
  year={2002},
  title={Imaging using multi-arrivals: {G}aussian beams or multi-arrival {K}irchhoff?},
  booktitle={Expanded Abstracts},
  meeting={72nd Ann. Internat. Mtg},
  publisher={Soc. of Expl. Geophys.},
  pages={1117-1120}
}

@inproceedings{Wu-SEG02,
  author={Chen, L., and Chen, Y., and Wu, R.},
  year={2002},
  title={Target-oriented prestack beamlet migration using {G}abor-{D}aubechies frames},
  booktitle={Expanded Abstracts},
  meeting={72nd Ann. Internat. Mtg},
  publisher={Soc. of Expl. Geophys.},
  pages={1356-1359}
}

@article{GEO67-01-01470155,
author={Qian, J. and  Symes, W. W.},
year={2002},
title={Finite-difference quasi-{P} traveltimes for anisotropic media},
booktitle={Geophysics},
publisher={Soc. of Expl. Geophys.},
volume={67},
number={1},
pages={147-155}
}

@article{Tariq-tau,
author={Alkhalifah, T. and Fomel, S. and Biondi, B.},
year={2001},
title={The space-time domain: theory and modelling for anisotropic media},
journal={Geophysical Journal International},
volume={144},
pages={105-113}
}

@article{zhangyu2001,
author= {Y[u] Zhang and J[ames] Sun and C[a] Notfors and  N[orm] Bleistein
and G[uanquan] Zhang},
year={2001},
title={Towards accurate amplitudes for one-way wavefield extrapolation of {3-D} common shot records},
publisher={Soc. of Expl. Geophys.},
meeting={71st Ann. Mtg.}
}

@article{thomson1999,
author= {Thomson, T.},
year={1999},
title={The gap between seismic ray theory and full wavefield extrapolation},
journal={Geophys. J. Int},
publisher={},
volume={137},
pages={364-380}
}