@Book{tensor,
  author =	 {J[ohn] L[] Synge and A[] Schild},
  title = 	 {Tensor Calculus},
  publisher = 	 {Dover},
  year = 	 1978
}


@Book{cerveny,
  author =	 {V[] \v{C}erven\'{y}},
  title = 	 {Seismic ray theory},
  publisher = 	 {Cambridge Univ. Press},
  year = 	 2001
}

@Book{courant,
  author =      {R[ichard] Courant and D[avid] Hilbert},
  title =       {Methods of mathematical physics},
  publisher =   {John Wiley \& Sons},
  year =         1989
  }