@Article{sava,
  author = 	 {Paul C[] Sava and B[iondo] Biondi and J[ohn] Etgen},
  title = 	 {Wave-equation migration velocity analysis by focusing diffractions and reflections},
  journal = 	 {Geophysics},
  year = 	 2005,
  volume =	 70,
  pages =	 {U19-U27}
}

@book{Claerbout.bei.95,
   author = {J[on] F[] Claerbout},
   publisher = {Stanford Exploration Project},
   title = {{Basic Earth Imaging}},
   year = {2005}
}

@Article{shape,
  author = 	 {S[] Fomel},
  title = 	 {Shaping regularization in geophysical-estimation
  problems},
  journal = 	 {Geophysics},
  year = 	 2007,
  volume =	 72,
  pages =	 {R29-R36}
}

@inproceedings{shape0,
   author = {S[] Fomel},
   booktitle = {75th Ann. Internat. Mtg},
   pages = {1673-1676},
   publisher = {Soc. of Expl. Geophys.},
   title = {Shaping regularization in geophysical estimation problems},
   year = {2005}}

@incollection{pwc,
	author=	{S[] Fomel and A[] Guitton},
	year=	2005,
	title=	{Model preconditioning by plane-wave construction in geophysical
estimation problems},
	publisher=	{Soc. of Expl. Geophys.},
        pages = {2601-2604},
	booktitle=	{75th Ann. Internat. Mtg}
	}

@inproceedings{attr-seg,
   author = {S[] Fomel},
   booktitle = {76th Ann. Internat. Mtg},
   pages = {1228-1231},
   publisher = {Soc. of Expl. Geophys.},
   title = {Local seismic attributes},
   year = {2006}}

@inproceedings{tury,
   author = {M[] T[] Taner and S[ergey] Fomel and E[vgeny] Landa},
   booktitle = {76th Ann. Internat. Mtg},
   pages = {2401-2404},
   publisher = {Soc. of Expl. Geophys.},
   title = {Prestack separation of seismic diffractions using plane-wave decomposition},
   year = {2006}}

@Article{wiggins,
  author = 	 {R[] Wiggins},
  title = 	 {Minimum entropy deconvolution},
  journal = 	 {Geoexploration},
  year = 	 1978,
  volume =	 16,
  pages =	 {21-25}
}

@inproceedings{this,
   author = {S[ergey] Fomel and
E[vgeny] Landa and M[] T[urhan] Taner},
   booktitle = {76th Ann. Internat. Mtg},
   pages = {2559-2562},
   publisher = {Soc. of Expl. Geophys.},
   title = {Post-stack velocity analysis by 
separation and imaging of seismic diffractions},
   year = {2006}}

@book{pvi,
   author = {J[on] F[] Claerbout},
   publisher = {Blackwell Scientific Publications},
   title = {{Earth Soundings Analysis: Processing Versus Inversion}},
   year = {1992}
}

@Article{hubral,
  author = 	 {P[eter] Hubral and M[artin] Tygel and J[] Schleicher},
  title = 	 {Seismic image waves},
  journal = 	 {Geophysical Journal International},
  year = 	 1996,
  volume =	 125,
  pages =	 {431-442}
}

@Article{attr,
  author = 	 {S[] Fomel},
  title = 	 {Local seismic attributes},
  journal = 	 {Geophysics},
  year = 	 2007,
  volume =	 72,
  pages =	 {A29-A33}
}
