@TechReport{fandg,
  author = 	 {S[] Fomel and V[] Grechka},
  title = 	 {Nonhyperbolic reflection
moveout of {P} waves. {An} overview and comparison of reasons},
  institution =  {Colorado
School of Mines},
  year = 	 2001,
  number = 	 {CWP-372}}

@Article{bolshykh,
  author = {S[ergey] F[edorovich] Bolshykh},
  title = {About an approximate representation of the reflected wave 
traveltime
  curve in the case of a multi-layered medium},
  journal = {Applied Geophysics (in Russian)},
  year = {1956},
  volume = {15},
  pages = {3-15},
  annote = {in Russian}
}

@Article{malovichko,
  author = {A[lexey] A[] Malovichko},
  title = {A New Representation of the Traveltime Curve of Reflected Waves
   in Horizontally Layered Media},
  journal = {Applied Geophysics (in Russian)},
  year = {1978},
  volume = {91},
  number = {1},
  pages = {47-53, English translation in~\protect\cite{Sword.sep.51.313}},
  annote = {in Russian}
}

@Article{fowler,
  author = 	 {P[] J[] Fowler},
  title = 	 {Practical {VTI} approximations: a systematic
  anatomy},
  journal = 	 {Journal of Applied Geophysics},
  year = 	 2003,
  volume =	 54,
  pages =	 {347-367}
}

@inproceedings{taner1,
   author = {M[] T[] Taner and S[] Treitel and M[] Al-Chalabi},
   booktitle = {75th Ann. Internat. Mtg},
   pages = {2273-2276},
   publisher = {Soc. of Expl. Geophys.},
   title = {A new travel time estimation method for horizontal
strata},
   year = {2005}}

@inproceedings{crs,
   author = {S[] Fomel and R[] Kazinnik},
   booktitle = {79th Ann. Internat. Mtg},
   publisher = {Soc. of Expl. Geophys.},
   title = {Non-hyperbolic common reflection surface},
   year = {2009}}

@inproceedings{taner2,
   author = {M[] T[] Taner and S[] Treitel and M[] Al-Chalabi and S[] Fomel},
   booktitle = {EAGE 69th Conference and Exhibition},
   pages = {P036},
   publisher = {EAGE},
   title = {An offset
dependent {NMO} velocity model},
   year = {2007}}

@inproceedings{blias,
   author = {E[] Blias},
   booktitle = {79th Ann. Internat. Mtg},
   publisher = {Soc. of Expl. Geophys.},
   title = {Long-offset {NMO} approximations for a layered {VTI} model: {Model} study},
   year = {2009}}


@Article{blias2,
  author = 	 {E[] Blias},
  title = 	 {Long-spreadlength approximations to {NMO} function for a multi-layered subsurface},
  journal = 	 {Recorder},
  year = 	 2007,
  volume = 	 3,
  pages = 	 {36-42}}

@Article{douma,
  author = 	 {H[] Douma and A[] Calvert},
  title = 	 {Nonhyperbolic moveout
analysis in {VTI} media using rational interpolation},
  journal = 	 {Geophysics},
  year = 	 2006,
  volume = 	 71,
  pages = 	 {D59-D71}}

@Article{ursin,
  author = 	 {B[] Ursin and A[] Stovas},
  title = 	 {Traveltime approximations for a layered
transversely isotropic medium},
  journal = 	 {Geophysics},
  year = 	 2006,
  volume = 	 71,
  pages = 	 {D23-D33}}

@preamble{"\providecommand{\SortNoop}[1]{}"}
@Book{cerveny,
  author =      {V[lastislav] {\SortNoop{Cerveny}}\v{C}erven\'{y}},
  title =       {Seismic ray theory} ,
  publisher =   {Cambridge University Press},
  year =         {2001}
}

@Article{stovas,
  author =       {A[lexey] M[ikhailovich] Stovas and S[ergey]
                  B[orisovich] Fomel},
  title =        {Kinematically equivalent integral {DMO} operators},
  journal =      {Russian Geology and Geophysics},
  year =         1996,
  volume =       37,
  number =       2,
  pages =        {102-113}
}

@Article{fomel,
  author = 	 {S[ergey] Fomel},
  title = 	 {Recurrent formulas for
		  derivatives of a {CMP} traveltime curve},
  journal = 	 {Russian
		  Geology
		  and Geophysics},
  year = 	 1994,
  volume =	 35,
  number =	 2,
  pages =	 {118-126}
}

@Article{mirror,
  author = 	 {G[] Glaeser},
  title = 	 {Reflections on spheres and cylinders of revolution},
  journal = 	 {Journal for Geometry and Graphics},
  year = 	 1999,
  volume = 	 3,
  pages = 	 {121-139}}

@Article{causse,
  author = 	 {E[] Causse},
  title = 	 {Approximations of reflection travel times with high accuracy at all offsets},
  journal = 	 {Journal of Geophysics and Engineering},
  year = 	 2004,
  volume = 	 1,
  pages = 	 {28-45}}

@Book{yilmaz,
  author =	 {O[] Yilmaz},
  title = 	 {Seismic Data Analysis},
  publisher = 	 {Soc. of Expl. Geophys.},
  year = 	 2000
}

@Article{douma2,
  author = 	 {H[] Douma and M[] van~der~Baan},
  title = 	 {Rational interpolation of {qP}-traveltimes for semblance-based anisotropy estimation in layered {VTI} media},
  journal = 	 {Geophysics},
  year = 	 2008,
  volume =	 73,
  number =	 4,
  pages =	 {D53-D62}
}

@Article{lyakh,
  author = 	 {F[] M[] Lyakhovitsky and M[] V[] Nevskiy},
  title = 	 {Traveltime curves of reflected waves for transversely-isotropic medium},
  journal = 	 {Proceedings of the USSR Academy of Sciences},
  year = 	 1971,
  volume =	 196,
  pages =	 {327-330}
}

@Article{blias0,
  author = 	 {E[] A[] Blias},
  title = 	 {Reflected wave's traveltime curve in flat-bedded medium with transverse layers and their interpretation},
  journal = 	 {Soviet Geology and Geophysics},
  year = 	 1983,
  number =	 2,
  pages =	 {91-95}
}

